1537242977,6245.230000000000,0.001435520000
1537242979,6245.230000000000,0.003984730000
1537242980,6245.230000000000,0.027271760000
1537242981,6245.220000000000,0.003090000000
1537242981,6245.230000000000,0.002152490000
1537242982,6245.230000000000,0.122569170000
1537242983,6245.230000000000,0.030643090000
1537242985,6245.230000000000,0.001993160000
1537242994,6245.230000000000,0.031865120000
1537242995,6245.230000000000,0.031865120000
1537243000,6245.220000000000,0.029603140000
1537243000,6245.220000000000,0.002296860000
1537243002,6245.220000000000,0.003090000000
1537243003,6245.230000000000,0.015298440000
1537243020,6245.230000000000,0.007808550000
1537243021,6245.230000000000,0.007966280000
1537243022,6245.220000000000,0.003090000000
1537243027,6245.230000000000,0.002630470000
1537243031,6245.230000000000,0.030643090000
1537243034,6245.220000000000,0.030000000000
1537243034,6245.230000000000,0.038303460000
1537243041,6245.230000000000,0.016087100000
1537243041,6245.230000000000,0.023747480000
1537243041,6245.220000000000,0.002325030000
1537243041,6245.220000000000,0.000764970000
1537243042,6245.220000000000,0.008046350000
1537243042,6245.230000000000,0.150148420000
1537243045,6245.220000000000,0.022228910000
1537243045,6245.220000000000,0.014285710000
1537243045,6245.220000000000,0.037248270000
1537243045,6245.220000000000,0.035322590000
1537243045,6245.220000000000,0.001601220000
1537243045,6245.120000000000,0.001000000000
1537243045,6244.710000000000,0.001000000000
1537243045,6244.400000000000,0.001000000000
1537243045,6244.000000000000,0.040038440000
1537243046,6243.590000000000,0.001000000000
1537243046,6243.010000000000,0.051806300000
1537243046,6243.000000000000,0.072930150000
1537243046,6243.000000000000,0.080069850000
1537243046,6242.700000000000,0.001000000000
1537243046,6242.700000000000,0.020000000000
1537243046,6242.290000000000,0.196437600000
1537243046,6242.290000000000,2.919930150000
1537243046,6242.290000000000,2.883632250000
1537243046,6242.290000000000,0.004335680000
1537243047,6242.250000000000,0.001000000000
1537243047,6241.800000000000,0.001000000000
1537243047,6241.470000000000,0.048900000000
1537243047,6241.470000000000,0.112032070000
1537243047,6241.470000000000,0.039067930000
1537243047,6241.460000000000,0.001000000000
1537243047,6241.120000000000,0.001000000000
1537243047,6241.000000000000,0.040000000000
1537243047,6240.780000000000,0.001000000000
1537243047,6240.600000000000,1.874000000000
1537243048,6240.450000000000,0.006374620000
1537243058,6240.450000000000,0.015944760000
1537243059,6240.450000000000,0.034700000000
1537243061,6240.450000000000,0.018743070000
1537243062,6240.440000000000,0.001000000000
1537243062,6240.440000000000,0.002090000000
1537243063,6240.440000000000,0.006139910000
1537243065,6240.020000000000,0.381498720000
1537243070,6240.020000000000,0.015900000000
1537243073,6240.010000000000,0.100000000000
1537243073,6240.000000000000,0.030180540000
1537243073,6240.010000000000,0.007655080000
1537243080,6240.010000000000,0.016867530000
1537243080,6240.000000000000,0.016800000000
1537243082,6240.000000000000,0.001019460000
1537243082,6240.000000000000,0.002070540000
1537243087,6240.000000000000,0.038842460000
1537243087,6239.920000000000,0.001000000000
1537243087,6239.870000000000,0.001000000000
1537243087,6239.300000000000,0.001000000000
1537243087,6239.000000000000,0.160282100000
1537243087,6238.910000000000,0.001000000000
1537243087,6238.750000000000,0.010000000000
1537243087,6238.520000000000,0.001000000000
1537243087,6238.250000000000,0.001000000000
1537243088,6238.060000000000,0.102120570000
1537243088,6238.010000000000,0.100000000000
1537243088,6238.000000000000,0.025818560000
1537243088,6238.000000000000,0.043383060000
1537243088,6237.990000000000,0.008000000000
1537243088,6237.970000000000,0.001000000000
1537243088,6237.420000000000,0.001000000000
1537243088,6237.420000000000,0.010000000000
1537243088,6237.290000000000,0.200000000000
1537243088,6237.010000000000,0.221337280000
1537243088,6236.860000000000,0.001000000000
1537243088,6236.720000000000,0.001000000000
1537243088,6236.580000000000,0.001000000000
1537243088,6236.430000000000,0.001000000000
1537243088,6236.190000000000,0.001000000000
1537243088,6236.190000000000,0.020000000000
1537243088,6236.180000000000,0.001000000000
1537243088,6236.000000000000,4.435125180000
1537243090,6236.010000000000,0.007815080000
1537243090,6236.000000000000,0.408959930000
1537243093,6236.010000000000,0.074800000000
1537243094,6236.010000000000,0.001437650000
1537243094,6236.010000000000,0.915947270000
1537243094,6236.010000000000,0.656238980000
1537243103,6236.000000000000,0.001610040000
1537243104,6236.000000000000,0.003090000000
1537243106,6236.000000000000,0.009300000000
1537243109,6236.010000000000,0.015479030000
1537243118,6236.000000000000,0.081800000000
1537243120,6236.010000000000,0.016866370000
1537243120,6236.000000000000,0.005218570000
1537243120,6236.000000000000,0.064466010000
1537243121,6236.010000000000,0.007660530000
1537243123,6236.000000000000,0.003090000000
1537243123,6236.000000000000,0.216372590000
1537243123,6236.010000000000,0.078609390000
1537243129,6236.010000000000,0.111060940000
1537243129,6236.010000000000,0.070208500000
1537243131,6236.000000000000,0.016900000000
1537243138,6236.000000000000,0.001361770000
1537243139,6236.010000000000,0.002315230000
1537243141,6236.000000000000,0.003090000000
1537243142,6236.010000000000,0.004469310000
1537243150,6236.010000000000,0.003191220000
1537243150,6236.010000000000,0.015479030000
1537243151,6236.010000000000,0.007660530000
1537243158,6236.010000000000,0.006703160000
1537243159,6236.010000000000,0.196523480000
1537243161,6236.000000000000,0.003090000000
1537243169,6236.010000000000,0.030688390000
1537243177,6236.010000000000,0.007993960000
1537243177,6236.000000000000,0.031400000000
1537243180,6236.010000000000,0.001597210000
1537243181,6236.000000000000,0.003090000000
1537243182,6236.010000000000,0.003511940000
1537243185,6236.010000000000,0.030688390000
1537243186,6236.010000000000,0.115078690000
1537243188,6236.010000000000,0.015479030000
1537243189,6236.010000000000,0.015343400000
1537243190,6236.010000000000,0.001437650000
1537243201,6236.000000000000,0.003090000000
1537243201,6236.010000000000,0.011170880000
1537243202,6236.000000000000,0.005700000000
1537243202,6236.010000000000,0.002634350000
1537243205,6236.010000000000,0.045725440000
1537243206,6236.010000000000,0.009946090000
1537243209,6236.010000000000,0.015479030000
1537243210,6236.000000000000,0.130000000000
1537243215,6236.010000000000,0.008298770000
1537243215,6236.000000000000,0.033800000000
1537243219,6236.010000000000,0.018413360000
1537243219,6236.010000000000,0.016029850000
1537243220,6236.010000000000,0.002634350000
1537243221,6236.000000000000,0.003090000000
1537243222,6236.010000000000,0.078609390000
1537243223,6236.000000000000,0.049941820000
1537243225,6236.010000000000,0.009738020000
1537243226,6236.000000000000,0.002300000000
1537243227,6236.010000000000,0.023457080000
1537243236,6236.010000000000,0.024461530000
1537243238,6236.010000000000,0.009700000000
1537243242,6236.000000000000,0.003090000000
1537243246,6236.000000000000,0.007169650000
1537243246,6236.000000000000,0.198213020000
1537243247,6236.010000000000,0.008298770000
1537243250,6236.000000000000,0.001600000000
1537243253,6236.010000000000,0.032229760000
1537243254,6236.010000000000,0.076720190000
1537243258,6236.010000000000,0.003751280000
1537243258,6236.010000000000,0.002953480000
1537243259,6236.010000000000,0.628875140000
1537243259,6236.000000000000,0.035045380000
1537243260,6236.010000000000,0.015343400000
1537243261,6236.010000000000,0.017031560000
1537243262,6236.010000000000,0.544213920000
1537243262,6236.010000000000,0.001601210000
1537243262,6236.010000000000,0.007054670000
1537243262,6236.010000000000,0.008260000000
1537243262,6236.010000000000,0.047546790000
1537243262,6236.010000000000,0.008260000000
1537243262,6236.010000000000,0.008727700000
1537243262,6236.010000000000,0.008260000000
1537243262,6236.010000000000,0.008260000000
1537243262,6236.010000000000,0.008260000000
1537243262,6236.010000000000,0.008260000000
1537243262,6236.010000000000,0.030860000000
1537243262,6236.010000000000,0.071320180000
1537243262,6236.010000000000,0.023773390000
1537243262,6236.010000000000,0.064143580000
1537243262,6236.020000000000,0.109487900000
1537243262,6236.000000000000,0.003090000000
1537243262,6236.020000000000,0.015343400000
1537243266,6236.020000000000,0.007660530000
1537243268,6236.020000000000,0.023457080000
1537243275,6236.010000000000,0.017000000000
1537243278,6236.020000000000,0.009096570000
1537243290,6236.020000000000,0.034954520000
1537243290,6236.020000000000,0.012916940000
1537243290,6236.020000000000,0.026648260000
1537243298,6236.020000000000,0.015920000000
1537243300,6236.020000000000,0.007660520000
1537243302,6236.020000000000,0.000997760000
1537243302,6236.020000000000,0.001317470000
1537243303,6236.010000000000,0.491553340000
1537243303,6236.010000000000,0.003090000000
1537243305,6236.020000000000,0.006892530000
1537243305,6236.020000000000,0.008210000000
1537243305,6236.020000000000,0.017119200000
1537243310,6236.020000000000,0.006064910000
1537243315,6236.020000000000,0.001882820000
1537243316,6236.020000000000,0.009925290000
1537243321,6236.010000000000,0.003090000000
1537243322,6236.020000000000,0.007677390000
1537243322,6236.020000000000,0.026100000000
1537243330,6236.020000000000,0.004981310000
1537243330,6236.020000000000,0.026453780000
1537243330,6236.020000000000,0.004406220000
1537243330,6236.020000000000,0.000380610000
1537243330,6236.020000000000,0.007660520000
1537243333,6236.020000000000,0.040292310000
1537243334,6236.020000000000,0.009300000000
1537243344,6236.010000000000,0.115078690000
1537243348,6236.020000000000,0.006510040000
1537243348,6236.020000000000,0.030860000000
1537243348,6236.180000000000,0.001000000000
1537243348,6236.330000000000,0.001000000000
1537243348,6236.630000000000,0.001000000000
1537243348,6237.070000000000,0.001000000000
1537243348,6237.280000000000,0.010000000000
1537243348,6237.550000000000,0.001000000000
1537243348,6237.720000000000,0.041960760000
1537243351,6237.710000000000,0.719536040000
1537243355,6237.710000000000,0.163603190000
1537243358,6237.720000000000,0.033100000000
1537243359,6237.710000000000,0.027531530000
1537243360,6237.720000000000,0.006462050000
1537243360,6237.720000000000,0.157175680000
1537243365,6237.720000000000,0.015474780000
1537243370,6237.710000000000,0.020000000000
1537243371,6237.720000000000,0.003909770000
1537243377,6237.720000000000,0.055942410000
1537243379,6237.720000000000,0.064125990000
1537243379,6237.720000000000,0.006000000000
1537243379,6237.720000000000,0.010033100000
1537243380,6237.720000000000,0.002952670000
1537243381,6237.710000000000,0.001790000000
1537243381,6237.720000000000,0.001500000000
1537243384,6237.720000000000,0.007658430000
1537243386,6237.720000000000,0.015951740000
1537243387,6237.720000000000,0.031517450000
1537243389,6237.720000000000,0.002953470000
1537243392,6237.710000000000,0.019916600000
1537243392,6237.710000000000,0.003527900000
1537243392,6237.710000000000,0.004264800000
1537243392,6237.710000000000,0.003090700000
1537243394,6237.710000000000,0.027946760000
1537243401,6237.710000000000,0.003090000000
1537243406,6237.710000000000,1.513400000000
1537243407,6237.720000000000,0.016873750000
1537243409,6237.720000000000,0.223188770000
1537243418,6237.720000000000,0.039293920000
1537243422,6237.710000000000,0.002500000000
1537243422,6237.710000000000,0.000590000000
1537243422,6237.720000000000,0.015339190000
1537243422,6237.720000000000,0.023450650000
1537243423,6237.720000000000,0.008777460000
1537243423,6237.720000000000,0.913138780000
1537243423,6237.720000000000,0.030860000000
1537243423,6237.720000000000,0.100000000000
1537243423,6237.720000000000,0.947551300000
1537243428,6237.720000000000,0.001601870000
1537243428,6237.720000000000,0.047153340000
1537243430,6237.720000000000,0.001100000000
1537243432,6237.720000000000,0.006382290000
1537243434,6237.720000000000,0.047153340000
1537243443,6237.720000000000,0.016106470000
1537243445,6237.720000000000,0.015339190000
1537243452,6237.720000000000,0.163772220000
1537243453,6237.710000000000,0.005711000000
1537243453,6237.710000000000,0.005800000000
1537243454,6237.720000000000,0.026845180000
1537243461,6237.710000000000,0.003090000000
1537243461,6237.720000000000,0.007658430000
1537243464,6237.720000000000,0.019173990000
1537243465,6237.720000000000,0.117881760000
1537243465,6237.720000000000,0.025310630000
1537243465,6237.710000000000,0.079636560000
1537243465,6237.710000000000,0.002281680000
1537243465,6237.710000000000,0.086181760000
1537243465,6237.720000000000,0.147090990000
1537243474,6237.720000000000,0.414983660000
1537243474,6237.720000000000,1.000000000000
1537243474,6237.720000000000,1.000000000000
1537243474,6237.720000000000,0.030860000000
1537243474,6237.780000000000,0.985759750000
1537243474,6238.230000000000,0.001000000000
1537243474,6238.720000000000,0.001000000000
1537243474,6238.980000000000,0.010000000000
1537243474,6239.000000000000,0.001000000000
1537243477,6240.830000000000,0.173400000000
1537243485,6240.830000000000,0.011481120000
1537243485,6240.830000000000,0.030664690000
1537243486,6240.820000000000,0.003529320000
1537243486,6240.000000000000,0.077001080000
1537243489,6240.000000000000,0.011000000000
1537243489,6240.010000000000,0.002951200000
1537243493,6240.000000000000,0.545118920000
1537243501,6240.010000000000,0.046002290000
1537243501,6240.000000000000,0.003090000000
1537243502,6240.010000000000,0.085870190000
1537243504,6240.010000000000,0.157175680000
1537243505,6240.010000000000,0.010685340000
1537243505,6240.000000000000,0.003461220000
1537243512,6240.010000000000,0.001100000000
1537243513,6240.010000000000,0.014107330000
1537243514,6240.000000000000,0.003944400000
1537243515,6240.010000000000,0.014566570000
1537243517,6240.010000000000,0.003986470000
1537243517,6240.010000000000,0.015711480000
1537243517,6240.010000000000,0.092004570000
1537243518,6240.010000000000,0.003988070000
1537243520,6240.010000000000,1.000000000000
1537243521,6240.010000000000,0.003748880000
1537243522,6240.000000000000,0.003090000000
1537243522,6240.000000000000,0.051248230000
1537243524,6240.010000000000,0.038330470000
1537243533,6240.010000000000,0.001436720000
1537243541,6240.010000000000,0.024534340000
1537243541,6240.000000000000,0.003090000000
1537243542,6240.010000000000,0.018658280000
1537243553,6240.010000000000,0.007655620000
1537243555,6240.010000000000,0.009409670000
1537243557,6240.010000000000,0.061335850000
1537243557,6240.010000000000,0.024239340000
1537243558,6240.000000000000,0.011900000000
1537243559,6240.010000000000,0.015947480000
1537243559,6240.010000000000,0.039279500000
1537243560,6240.000000000000,0.150000000000
1537243561,6240.010000000000,0.003142930000
1537243562,6240.000000000000,0.003090000000
1537243563,6240.010000000000,0.015333560000
1537243565,6240.010000000000,0.008771830000
1537243568,6240.000000000000,0.002415930000
1537243568,6240.010000000000,0.030668720000
1537243571,6240.010000000000,0.008900000000
1537243572,6240.010000000000,0.006858330000
1537243574,6240.010000000000,0.244262460000
1537243575,6240.010000000000,0.006061030000
1537243577,6240.010000000000,0.113911030000
1537243578,6240.010000000000,0.015333560000
1537243579,6240.000000000000,0.001493040000
1537243583,6240.010000000000,0.011200000000
1537243583,6240.000000000000,0.003090000000
1537243586,6240.010000000000,0.245788290000
1537243590,6240.000000000000,0.001494650000
1537243593,6240.010000000000,0.006858330000
1537243595,6240.010000000000,0.007972940000
1537243595,6240.010000000000,0.015469100000
1537243597,6240.010000000000,0.078559000000
1537243597,6240.010000000000,0.002951580000
1537243601,6240.000000000000,0.003090000000
1537243604,6240.010000000000,0.033100000000
1537243606,6240.010000000000,0.003029720000
1537243609,6240.010000000000,0.006061030000
1537243614,6240.010000000000,0.031741880000
1537243616,6240.010000000000,0.023700000000
1537243617,6240.010000000000,0.003142930000
1537243620,6240.010000000000,0.003748880000
1537243621,6240.000000000000,0.003090000000
1537243624,6240.010000000000,0.157118000000
1537243628,6240.010000000000,0.051400000000
1537243628,6240.010000000000,0.004944820000
1537243636,6240.010000000000,0.010577340000
1537243636,6240.010000000000,0.003435180000
1537243636,6240.010000000000,0.001321040000
1537243636,6240.010000000000,0.029538960000
1537243636,6240.110000000000,0.001000000000
1537243639,6240.820000000000,0.011500000000
1537243640,6240.830000000000,0.107330040000
1537243645,6240.830000000000,0.022997320000
1537243650,6240.820000000000,0.003833560000
1537243650,6240.820000000000,0.126066440000
1537243651,6240.830000000000,0.040629560000
1537243658,6240.830000000000,0.002154010000
1537243659,6240.820000000000,0.001610410000
1537243662,6240.830000000000,0.110500000000
1537243663,6240.820000000000,0.003090000000
1537243663,6240.820000000000,0.496918700000
1537243667,6240.830000000000,0.031701040000
1537243667,6240.820000000000,0.052215060000
1537243668,6240.830000000000,0.007654610000
1537243668,6240.830000000000,0.002154010000
1537243670,6240.830000000000,0.062839260000
1537243672,6240.820000000000,0.028819800000
1537243672,6240.830000000000,0.001580680000
1537243672,6240.830000000000,0.030860000000
1537243672,6241.000000000000,0.001000000000
1537243674,6241.680000000000,0.029800000000
1537243678,6241.680000000000,0.011481120000
1537243679,6241.680000000000,0.013075500000
1537243685,6241.670000000000,0.011500000000
1537243686,6241.670000000000,0.059106410000
1537243689,6241.680000000000,0.007334740000
1537243691,6241.680000000000,0.001597340000
1537243696,6241.680000000000,0.038325250000
1537243696,6241.680000000000,0.204197800000
1537243699,6241.680000000000,0.001436340000
1537243703,6241.670000000000,0.003090000000
1537243704,6241.680000000000,0.071284550000
1537243715,6241.680000000000,0.022994190000
1537243718,6241.680000000000,0.001994300000
1537243721,6241.670000000000,0.003090000000
1537243727,6241.680000000000,0.039268990000
1537243727,6241.680000000000,0.003194680000
1537243729,6241.670000000000,0.031881690000
1537243730,6241.680000000000,0.076650490000
1537243733,6241.670000000000,0.001416960000
1537243734,6241.680000000000,0.031733390000
1537243735,6241.680000000000,0.071590620000
1537243736,6241.680000000000,0.118041320000
1537243737,6241.680000000000,0.255999380000
1537243737,6241.680000000000,0.001638190000
1537243737,6241.680000000000,0.030860000000
1537243737,6241.680000000000,0.002281680000
1537243737,6241.860000000000,0.001000000000
1537243737,6242.940000000000,0.010000000000
1537243737,6243.000000000000,0.395623720000
1537243738,6243.000000000000,0.010762190000
1537243742,6243.000000000000,0.016096250000
1537243743,6242.990000000000,0.148600000000
1537243746,6243.000000000000,0.039268990000
1537243752,6243.000000000000,0.006058130000
1537243752,6243.000000000000,0.007811340000
1537243753,6243.000000000000,0.019157780000
1537243753,6243.000000000000,0.005221600000
1537243753,6243.000000000000,0.034778400000
1537243759,6243.000000000000,0.022474520000
1537243763,6242.990000000000,0.003090000000
1537243764,6243.000000000000,0.015461700000
1537243766,6243.000000000000,0.003747080000
1537243767,6242.990000000000,0.043700000000
1537243767,6243.000000000000,0.013027920000
1537243768,6243.000000000000,0.066921950000
1537243768,6243.000000000000,0.002543300000
1537243768,6243.000000000000,0.014832150000
1537243778,6243.000000000000,0.015500000000
1537243783,6243.000000000000,0.076634290000
1537243784,6243.000000000000,0.028378150000
1537243786,6243.000000000000,0.005261220000
1537243787,6243.000000000000,0.002950170000
1537243788,6243.000000000000,0.003747080000
1537243793,6242.990000000000,0.008717900000
1537243793,6242.990000000000,0.013336990000
1537243796,6243.000000000000,0.014202140000
1537243797,6243.000000000000,0.018404290000
1537243797,6243.000000000000,0.049595710000
1537243799,6243.000000000000,0.012155440000
1537243799,6243.000000000000,0.033027250000
1537243799,6243.000000000000,0.039114710000
1537243801,6242.990000000000,0.003090000000
1537243802,6242.990000000000,0.008924650000
1537243808,6243.000000000000,0.002950170000
1537243808,6243.000000000000,0.002950170000
1537243809,6242.990000000000,0.013517980000
1537243813,6242.990000000000,0.006600000000
1537243814,6243.000000000000,0.032185700000
1537243814,6243.000000000000,0.015939840000
1537243814,6243.000000000000,0.007014420000
1537243815,6243.000000000000,0.018851760000
1537243820,6242.990000000000,0.008174800000
1537243820,6243.000000000000,0.082570560000
1537243820,6243.000000000000,0.030860000000
1537243820,6243.000000000000,0.072377550000
1537243820,6243.000000000000,0.015461700000
1537243822,6243.000000000000,0.112160750000
1537243822,6243.000000000000,1.000000000000
1537243822,6243.000000000000,0.144179680000
1537243826,6242.990000000000,0.114300000000
1537243827,6243.000000000000,0.040615440000
1537243828,6242.990000000000,0.016649030000
1537243830,6243.000000000000,0.013867870000
1537243831,6243.000000000000,0.016000000000
1537243836,6243.000000000000,0.001000000000
1537243836,6243.000000000000,0.039000000000
1537243837,6243.000000000000,0.006695660000
1537243841,6242.990000000000,0.003090000000
1537243846,6243.000000000000,0.268216820000
1537243847,6243.000000000000,0.002950170000
1537243861,6242.990000000000,0.003090000000
1537243861,6243.000000000000,0.011300000000
1537243863,6243.000000000000,0.107286730000
1537243870,6243.000000000000,0.017890680000
1537243872,6242.990000000000,0.092000000000
1537243875,6243.000000000000,0.007651950000
1537243876,6242.990000000000,0.318900570000
1537243876,6242.990000000000,0.191099430000
1537243878,6243.000000000000,0.019446260000
1537243880,6243.000000000000,0.052876730000
1537243882,6242.990000000000,0.003090000000
1537243883,6243.000000000000,0.033105340000
1537243884,6242.990000000000,0.033100000000
1537243884,6243.000000000000,0.002153260000
1537243885,6242.990000000000,0.012015530000
1537243885,6243.000000000000,0.045213620000
1537243889,6243.000000000000,0.015461700000
1537243890,6242.990000000000,0.026723440000
1537243896,6243.000000000000,0.033100000000
1537243901,6242.990000000000,0.003090000000
1537243902,6242.990000000000,0.269642730000
1537243903,6243.000000000000,0.022530310000
1537243903,6243.000000000000,0.019157780000
1537243905,6243.000000000000,0.062817420000
1537243908,6243.000000000000,0.107286730000
1537243915,6243.000000000000,0.015461700000
1537243919,6242.990000000000,0.107200000000
1537243919,6243.000000000000,0.031399940000
1537243921,6242.990000000000,0.003090000000
1537243924,6243.000000000000,0.314085510000
1537243925,6243.000000000000,0.031876500000
1537243927,6243.000000000000,0.015461700000
1537243930,6242.990000000000,0.020200000000
1537243934,6243.000000000000,0.055750400000
1537243938,6243.000000000000,0.011900270000
1537243938,6243.000000000000,0.023434830000
1537243939,6243.000000000000,0.007425170000
1537243939,6243.190000000000,0.001000000000
1537243939,6243.250000000000,0.001000000000
1537243939,6243.500000000000,0.001000000000
1537243939,6243.520000000000,0.001000000000
1537243939,6243.690000000000,0.001201070000
1537243939,6243.710000000000,0.001201150000
1537243939,6243.840000000000,0.002321870000
1537243939,6243.850000000000,0.001841400000
1537243939,6243.860000000000,0.002482400000
1537243939,6243.870000000000,0.002802700000
1537243939,6243.880000000000,0.001841330000
1537243939,6243.890000000000,0.001201120000
1537243939,6243.900000000000,0.002802570000
1537243939,6243.910000000000,0.002321870000
1537243939,6243.920000000000,0.002642240000
1537243939,6243.930000000000,0.002642240000
1537243939,6243.940000000000,0.001200920000
1537243939,6243.950000000000,0.003122710000
1537243939,6243.960000000000,0.004564130000
1537243939,6243.970000000000,0.002962840000
1537243939,6243.980000000000,0.002962710000
1537243939,6243.990000000000,0.001360940000
1537243939,6244.000000000000,0.072733460000
1537243939,6243.990000000000,0.121755080000
1537243939,6243.990000000000,1.878244920000
1537243943,6244.000000000000,0.079699210000
1537243944,6244.000000000000,0.017626110000
1537243945,6243.990000000000,0.014488610000
1537243951,6243.990000000000,0.070425490000
1537243954,6243.990000000000,0.079200000000
1537243959,6244.000000000000,0.007650730000
1537243961,6243.990000000000,0.003090000000
1537243974,6244.000000000000,0.007650730000
1537243977,6243.990000000000,0.001841370000
1537243981,6244.000000000000,0.008288160000
1537243982,6243.990000000000,0.001685680000
1537243982,6243.990000000000,0.000004320000
1537243983,6243.370000000000,0.015323770000
1537243985,6243.360000000000,0.012073280000
1537243987,6243.370000000000,0.007969440000
1537243990,6243.140000000000,0.023430820000
1537243998,6243.140000000000,0.003984470000
1537243999,6243.140000000000,0.066516790000
1537244000,6243.140000000000,0.002949700000
1537244001,6243.130000000000,0.005200000000
1537244002,6243.130000000000,0.003090000000
1537244005,6243.130000000000,0.018293100000
1537244005,6243.130000000000,0.046737610000
1537244011,6243.130000000000,0.317225880000
1537244012,6243.140000000000,0.079825010000
1537244012,6243.140000000000,0.391292690000
1537244013,6243.130000000000,0.023635740000
1537244013,6243.130000000000,0.447564260000
1537244013,6243.130000000000,0.007843850000
1537244014,6243.140000000000,0.049044080000
1537244015,6243.130000000000,0.027118600000
1537244017,6243.140000000000,0.003747000000
1537244020,6243.140000000000,0.005261100000
1537244021,6243.130000000000,0.040051690000
1537244021,6243.130000000000,0.003090000000
1537244024,6243.140000000000,0.001000000000
1537244024,6243.140000000000,0.030860000000
1537244024,6243.140000000000,0.100000000000
1537244024,6243.140000000000,0.200000000000
1537244024,6243.140000000000,0.012000000000
1537244024,6243.140000000000,0.126040000000
1537244026,6243.140000000000,0.785194570000
1537244026,6243.140000000000,0.018930000000
1537244026,6243.140000000000,0.045979220000
1537244034,6243.140000000000,0.001000000000
1537244034,6243.280000000000,0.000436000000
1537244034,6243.270000000000,1.000000000000
1537244034,6243.270000000000,0.141324980000
1537244034,6243.270000000000,0.858675020000
1537244035,6243.280000000000,0.000564000000
1537244035,6243.420000000000,0.001000000000
1537244035,6243.690000000000,0.001000000000
1537244035,6243.690000000000,0.001681290000
1537244035,6243.860000000000,0.001841490000
1537244035,6243.870000000000,0.001200820000
1537244035,6243.880000000000,0.001681290000
1537244035,6243.890000000000,0.002001710000
1537244035,6243.900000000000,0.001681560000
1537244035,6243.910000000000,0.002962810000
1537244035,6243.920000000000,0.005845520000
1537244035,6243.930000000000,0.002642090000
1537244035,6243.940000000000,0.001521120000
1537244035,6243.950000000000,0.002001780000
1537244035,6243.960000000000,0.001841560000
1537244035,6243.970000000000,0.001201050000
1537244035,6243.980000000000,0.001201060000
1537244035,6243.990000000000,0.001681290000
1537244036,6244.000000000000,0.011476880000
1537244037,6243.990000000000,0.045900000000
1537244038,6244.000000000000,0.001593780000
1537244048,6244.000000000000,0.011475290000
1537244049,6243.990000000000,0.005200000000
1537244054,6244.000000000000,0.022985650000
1537244055,6244.000000000000,0.015323770000
1537244058,6243.990000000000,0.026234670000
1537244061,6244.000000000000,0.007650730000
1537244061,6243.990000000000,0.019200000000
1537244062,6243.990000000000,0.003090000000
1537244062,6244.000000000000,0.019154710000
1537244069,6244.000000000000,0.001435810000
1537244074,6244.000000000000,0.007700000000
1537244075,6244.000000000000,0.157017600000
1537244075,6244.000000000000,0.002949700000
1537244076,6244.000000000000,0.007983730000
1537244076,6244.000000000000,0.031394920000
1537244079,6244.000000000000,0.073555990000
1537244081,6243.990000000000,0.003090000000
1537244083,6244.000000000000,0.078508800000
1537244086,6244.000000000000,0.024400000000
1537244086,6244.000000000000,0.003905840000
1537244088,6244.000000000000,1.000030820000
1537244089,6244.000000000000,3.464600000000
1537244091,6244.000000000000,0.300000010000
1537244091,6244.000000000000,0.300000010000
1537244091,6244.000000000000,0.363645040000
1537244091,6244.000000000000,0.636385780000
1537244091,6244.000000000000,1.491991530000
1537244092,6244.000000000000,3.000000000000
1537244092,6244.000000000000,0.635716650000
1537244092,6244.000000000000,0.001000000000
1537244092,6244.000000000000,0.003282920000
1537244092,6244.000000000000,0.001201130000
1537244092,6244.000000000000,0.002321850000
1537244092,6244.000000000000,0.002642470000
1537244092,6244.000000000000,0.030860000000
1537244092,6244.000000000000,0.001841370000
1537244092,6244.000000000000,0.002001520000
1537244092,6244.000000000000,0.002321780000
1537244092,6244.000000000000,0.002001760000
1537244092,6244.000000000000,0.001681260000
1537244092,6244.000000000000,0.001201010000
1537244092,6244.000000000000,0.001841290000
1537244092,6244.000000000000,0.002482020000
1537244092,6244.000000000000,0.002962370000
1537244092,6244.000000000000,0.001200790000
1537244092,6244.000000000000,0.001201080000
1537244092,6244.000000000000,0.002802350000
1537244092,6244.000000000000,0.003122610000
1537244092,6244.000000000000,0.003122630000
1537244092,6244.000000000000,0.000191140000
1537244092,6244.000000000000,0.001650330000
1537244092,6244.000000000000,0.006165760000
1537244092,6244.000000000000,0.000183910000
1537244092,6243.990000000000,0.040292310000
1537244092,6244.000000000000,0.001000000000
1537244093,6244.000000000000,0.000337450000
1537244093,6244.000000000000,0.000662550000
1537244093,6244.000000000000,0.000538540000
1537244093,6244.010000000000,0.001461460000
1537244094,6244.010000000000,0.000860320000
1537244094,6244.020000000000,0.003122520000
1537244094,6244.030000000000,0.003122590000
1537244095,6244.040000000000,0.001000000000
1537244095,6245.000000000000,0.100000000000
1537244095,6245.240000000000,0.002641690000
1537244095,6245.250000000000,0.200000000000
1537244096,6245.640000000000,0.067690350000
1537244097,6245.630000000000,0.017900000000
1537244102,6245.630000000000,0.103212260000
1537244102,6245.640000000000,0.004144870000
1537244107,6245.640000000000,0.028164780000
1537244107,6245.640000000000,0.003084200000
1537244107,6245.640000000000,0.000145940000
1537244109,6245.630000000000,0.031921350000
1537244109,6245.640000000000,0.030714060000
1537244109,6245.640000000000,0.001285940000
1537244110,6245.640000000000,0.047794540000
1537244110,6245.640000000000,0.014964200000
1537244110,6245.980000000000,0.000809590000
1537244113,6245.980000000000,0.001435430000
1537244114,6245.980000000000,0.097754980000
1537244114,6245.980000000000,0.064041190000
1537244114,6246.090000000000,0.025000000000
1537244114,6246.090000000000,0.127136970000
1537244119,6246.090000000000,0.172863030000
1537244119,6246.090000000000,0.064040060000
1537244119,6246.090000000000,0.002641490000
1537244119,6246.160000000000,0.001000000000
1537244119,6246.250000000000,0.003121550000
1537244119,6246.260000000000,0.006323410000
1537244119,6246.270000000000,0.063942330000
1537244121,6246.270000000000,0.018383960000
1537244121,6246.270000000000,0.015933100000
1537244122,6246.260000000000,0.046700000000
1537244132,6246.270000000000,0.015453600000
1537244133,6246.270000000000,0.001800000000
1537244133,6246.270000000000,0.041216220000
1537244134,6246.270000000000,0.001116690000
1537244141,6246.260000000000,0.003090000000
1537244144,6246.270000000000,0.007964950000
1537244155,6246.270000000000,0.018383110000
1537244156,6246.260000000000,0.021200000000
1537244158,6246.270000000000,0.015000000000
1537244161,6246.260000000000,0.003090000000
1537244179,6246.270000000000,0.000806040000
1537244179,6246.270000000000,0.002001040000
1537244179,6246.270000000000,0.030860000000
1537244179,6246.270000000000,0.002001030000
1537244179,6246.270000000000,0.002641520000
1537244179,6246.270000000000,0.001360350000
1537244179,6246.270000000000,0.002801560000
1537244179,6246.270000000000,0.001200620000
1537244179,6246.270000000000,0.001200440000
1537244179,6246.270000000000,0.002001100000
1537244179,6246.270000000000,0.002641110000
1537244179,6246.270000000000,0.001840990000
1537244179,6246.270000000000,0.055874760000
1537244185,6246.270000000000,0.008163460000
1537244185,6246.270000000000,0.000121680000
1537244188,6246.270000000000,0.003000150000
1537244188,6246.270000000000,0.001143220000
1537244191,6246.270000000000,0.001337870000
1537244191,6246.270000000000,0.001360620000
1537244191,6246.270000000000,0.001046630000
1537244191,6246.270000000000,0.001594800000
1537244191,6246.270000000000,0.004242100000
1537244191,6246.270000000000,0.003121570000
1537244191,6246.270000000000,0.001100000000
1537244191,6246.270000000000,0.002481290000
1537244191,6246.270000000000,0.011260240000
1537244195,6246.260000000000,0.633927750000
1537244196,6246.270000000000,0.019599760000
1537244196,6246.270000000000,0.001200430000
1537244196,6246.270000000000,0.002961490000
1537244196,6246.270000000000,0.002321320000
1537244196,6246.270000000000,0.001200250000
1537244196,6246.270000000000,0.005843410000
1537244196,6246.270000000000,0.003121610000
1537244196,6246.270000000000,0.002641540000
1537244196,6246.270000000000,0.001360370000
1537244196,6246.280000000000,0.001520830000
1537244196,6246.290000000000,0.001200260000
1537244196,6246.300000000000,0.002000760000
1537244196,6246.310000000000,0.002801410000
1537244196,6246.320000000000,0.001200240000
1537244196,6246.330000000000,0.001200410000
1537244196,6246.340000000000,0.001200580000
1537244196,6246.350000000000,0.001680870000
1537244196,6246.360000000000,0.002160930000
1537244196,6246.370000000000,0.100000000000
1537244196,6246.480000000000,0.001000000000
1537244196,6246.680000000000,0.001000000000
1537244196,6246.690000000000,0.001000000000
1537244196,6246.990000000000,0.001500000000
1537244196,6247.000000000000,0.001900000000
1537244196,6247.000000000000,0.025883530000
1537244199,6247.000000000000,0.018383110000
1537244204,6247.000000000000,0.035000000000
1537244204,6246.990000000000,0.052000000000
1537244205,6247.000000000000,0.004302160000
1537244207,6247.000000000000,0.015482270000
1537244214,6246.990000000000,0.179204290000
1537244214,6247.000000000000,0.053609020000
1537244215,6246.990000000000,0.018600000000
1537244217,6247.000000000000,0.001753680000
1537244218,6246.990000000000,0.212920000000
1537244218,6246.990000000000,0.065800530000
1537244220,6247.000000000000,0.038292610000
1537244221,6246.990000000000,0.003090000000
1537244222,6247.000000000000,0.001116560000
1537244223,6247.000000000000,0.078471100000
1537244227,6246.990000000000,0.017100000000
1537244228,6247.000000000000,0.013062590000
1537244234,6247.000000000000,0.022974610000
1537244236,6247.000000000000,0.012253440000
1537244240,6247.000000000000,0.030634410000
1537244242,6246.990000000000,0.003090000000
1537244246,6247.000000000000,0.001118150000
1537244247,6246.990000000000,0.003525920000
1537244247,6246.990000000000,0.002500000000
1537244247,6246.990000000000,0.396328000000
1537244247,6245.010000000000,0.007982440000
1537244250,6245.000000000000,0.017638240000
1537244250,6245.000000000000,0.548561760000
1537244254,6245.000000000000,0.032000000000
1537244255,6245.010000000000,0.004544120000
1537244257,6245.010000000000,0.031379840000
1537244257,6245.010000000000,0.001435120000
1537244259,6245.010000000000,0.007649490000
1537244261,6245.000000000000,0.003090000000
1537244263,6245.010000000000,0.557900000000
1537244267,6245.010000000000,0.001681270000
1537244267,6245.010000000000,0.001267010000
1537244267,6245.000000000000,0.009202140000
1537244269,6245.010000000000,0.029592990000
1537244269,6245.010000000000,0.001051180000
1537244272,6245.010000000000,0.001435570000
1537244275,6245.010000000000,0.000315080000
1537244275,6245.150000000000,0.001000000000
1537244275,6245.280000000000,0.001000000000
1537244275,6246.120000000000,0.002284920000
1537244279,6246.120000000000,0.000516490000
1537244279,6246.130000000000,0.001680670000
1537244279,6246.140000000000,0.002000970000
1537244279,6246.150000000000,0.001681030000
1537244279,6246.160000000000,0.002000760000
1537244279,6246.170000000000,0.001360730000
1537244280,6246.180000000000,0.002641590000
1537244280,6246.180000000000,0.035978220000
1537244284,6246.180000000000,0.099591550000
1537244293,6246.180000000000,0.015931730000
1537244296,6246.180000000000,0.005258540000
1537244298,6246.180000000000,0.022673000000
1537244299,6246.170000000000,0.122100000000
1537244299,6246.180000000000,0.011471290000
1537244300,6246.180000000000,0.003982530000
1537244300,6246.180000000000,0.012255050000
1537244301,6246.170000000000,0.003090000000
1537244302,6246.180000000000,0.007648060000
1537244308,6246.180000000000,0.002152160000
1537244308,6246.180000000000,0.028744330000
1537244310,6246.170000000000,0.015035790000
1537244310,6246.180000000000,0.018383380000
1537244312,6246.180000000000,0.022700000000
1537244315,6246.180000000000,0.030638430000
1537244321,6246.170000000000,0.003090000000
1537244323,6246.170000000000,0.018400000000
1537244324,6246.180000000000,0.010000000000
1537244329,6246.180000000000,0.032016380000
1537244330,6246.180000000000,0.001435310000
1537244331,6246.180000000000,0.102026140000
1537244334,6246.180000000000,0.011152690000
1537244334,6246.170000000000,0.012300000000
1537244339,6246.180000000000,0.156962800000
1537244343,6246.170000000000,0.003090000000
1537244346,6246.180000000000,0.052300000000
1537244347,6246.180000000000,0.031383960000
1537244347,6246.180000000000,0.020680500000
1537244348,6246.180000000000,0.264633950000
1537244348,6246.180000000000,0.002481080000
1537244348,6246.180000000000,0.030860000000
1537244348,6246.180000000000,0.001200390000
1537244348,6246.180000000000,0.003121470000
1537244348,6246.180000000000,0.001200440000
1537244348,6246.180000000000,0.002321330000
1537244348,6246.180000000000,0.002481260000
1537244348,6246.180000000000,0.002001180000
1537244348,6246.180000000000,0.002481370000
1537244348,6246.190000000000,0.687217530000
1537244352,6246.180000000000,0.400164820000
1537244354,6246.190000000000,0.019189440000
1537244357,6246.180000000000,0.046600000000
1537244359,6246.190000000000,0.016084660000
1537244359,6246.190000000000,0.015318420000
1537244363,6246.190000000000,0.001514950000
1537244365,6246.190000000000,0.002389520000
1537244368,6246.180000000000,0.001600000000
1537244369,6246.190000000000,0.015318390000
1537244369,6246.180000000000,0.551635180000
1537244369,6246.180000000000,1.479375200000
1537244373,6246.190000000000,0.015695940000
1537244374,6246.190000000000,0.099572740000
1537244375,6246.190000000000,0.003745170000
1537244376,6246.180000000000,0.014962310000
1537244379,6246.190000000000,0.015453800000
1537244381,6246.180000000000,0.007800000000
1537244381,6246.190000000000,0.013787510000
1537244383,6246.180000000000,0.003090000000
1537244383,6246.190000000000,0.005258530000
1537244387,6246.190000000000,0.004462020000
1537244391,6246.190000000000,0.084991380000
1537244391,6246.190000000000,0.004882520000
1537244391,6246.190000000000,0.030860000000
1537244391,6246.250000000000,0.001200380000
1537244391,6246.270000000000,0.001841040000
1537244391,6246.280000000000,0.002000930000
1537244391,6246.290000000000,0.001840840000
1537244391,6246.300000000000,0.001200450000
1537244391,6246.310000000000,0.002801650000
1537244391,6246.320000000000,0.002320990000
1537244391,6246.330000000000,0.002961720000
1537244391,6246.340000000000,0.001000000000
1537244391,6246.500000000000,0.001000000000
1537244391,6246.680000000000,0.001000000000
1537244391,6246.680000000000,0.001000000000
1537244391,6247.000000000000,0.012285960000
1537244395,6247.000000000000,0.627787810000
1537244397,6246.990000000000,0.008613100000
1537244399,6247.000000000000,0.024949690000
1537244403,6246.990000000000,0.008361010000
1537244404,6246.990000000000,0.091638990000
1537244404,6246.180000000000,0.061561010000
1537244407,6246.190000000000,0.026805300000
1537244414,6246.190000000000,0.156942200000
1537244416,6246.180000000000,0.026700000000
1537244418,6246.190000000000,0.001435300000
1537244421,6246.180000000000,0.003090000000
1537244426,6246.190000000000,0.078481280000
1537244426,6246.180000000000,0.078500000000
1537244427,6246.190000000000,0.015318390000
1537244428,6246.190000000000,0.061275160000
1537244429,6246.190000000000,0.034467980000
1537244430,6246.190000000000,0.007648050000
1537244430,6246.190000000000,0.045956770000
1537244433,6246.180000000000,0.023838950000
1537244433,6246.180000000000,0.080161900000
1537244433,6246.190000000000,0.007648050000
1537244436,6246.180000000000,0.020215790000
1537244436,6246.180000000000,0.014285710000
1537244436,6246.180000000000,0.165480510000
1537244437,6246.190000000000,0.060032620000
1537244439,6246.190000000000,0.017200000000
1537244440,6246.190000000000,0.001435300000
1537244442,6246.180000000000,0.003090000000
1537244444,6246.190000000000,0.149784330000
1537244444,6246.190000000000,0.030860000000
1537244444,6247.000000000000,0.007065850000
1537244444,6247.000000000000,0.001200380000
1537244444,6247.000000000000,0.001840860000
1537244444,6247.000000000000,0.001680390000
1537244444,6247.000000000000,0.001680380000
1537244444,6247.000000000000,0.001360270000
1537244444,6247.000000000000,0.002000810000
1537244444,6247.000000000000,0.121746230000
1537244445,6246.990000000000,1.000000000000
1537244450,6247.000000000000,0.011471270000
1537244450,6246.990000000000,0.011500000000
1537244450,6247.000000000000,0.003115820000
1537244450,6247.000000000000,0.001200100000
1537244450,6247.000000000000,0.002801090000
1537244450,6247.000000000000,0.001200220000
1537244450,6247.000000000000,0.001200560000
1537244450,6247.000000000000,0.001200360000
1537244450,6247.000000000000,0.002000790000
1537244450,6247.000000000000,0.002160690000
1537244450,6247.000000000000,0.000574170000
1537244451,6247.000000000000,0.000626130000
1537244451,6247.000000000000,0.005042380000
1537244451,6247.000000000000,0.001680540000
1537244451,6247.000000000000,0.001200530000
1537244451,6247.000000000000,0.002321060000
1537244451,6247.000000000000,0.035086130000
1537244460,6247.000000000000,0.016542870000
1537244462,6247.000000000000,0.011500000000
1537244469,6247.000000000000,0.125554400000
1537244474,6246.990000000000,0.001000000000
1537244474,6246.990000000000,0.016900000000
1537244476,6247.000000000000,0.001840570000
1537244476,6247.000000000000,0.048705480000
1537244476,6247.000000000000,0.001435120000
1537244477,6247.000000000000,0.012253440000
1537244481,6246.990000000000,0.003090000000
1537244482,6247.000000000000,0.298679490000
1537244483,6246.990000000000,0.113345840000
1537244486,6246.990000000000,0.014200000000
1537244487,6247.000000000000,0.076585220000
1537244489,6247.000000000000,0.040630000000
1537244492,6247.000000000000,0.003923080000
1537244493,6247.000000000000,0.002800960000
1537244493,6247.000000000000,0.001000000000
1537244493,6247.000000000000,0.003846090000
1537244496,6247.000000000000,0.007647050000
1537244499,6247.000000000000,0.008900000000
1537244499,6247.000000000000,0.002000000000
1537244500,6246.990000000000,0.060095780000
1537244502,6247.000000000000,0.011947630000
1537244503,6247.000000000000,0.018380960000
1537244509,6246.990000000000,0.029800000000
1537244521,6246.990000000000,0.003090000000
1537244522,6247.000000000000,0.004142880000
1537244529,6246.990000000000,0.032601960000
1537244533,6247.000000000000,0.014550270000
1537244543,6246.990000000000,0.003090000000
1537244545,6247.000000000000,0.006745530000
1537244546,6247.000000000000,0.010400000000
1537244547,6247.000000000000,0.156942200000
1537244548,6247.000000000000,0.096000000000
1537244551,6247.000000000000,0.002948280000
1537244556,6246.990000000000,0.051203760000
1537244557,6247.000000000000,0.051200000000
1537244562,6246.990000000000,0.003090000000
1537244563,6247.000000000000,0.015316410000
1537244563,6246.990000000000,0.001608820000
1537244565,6247.000000000000,0.117706650000
1537244567,6246.990000000000,0.051200000000
1537244568,6247.000000000000,0.007647050000
1537244581,6246.990000000000,0.003090000000
1537244589,6247.000000000000,0.001300000000
1537244589,6247.000000000000,0.016082550000
1537244590,6247.000000000000,0.007647050000
1537244591,6247.000000000000,0.156942200000
1537244591,6246.990000000000,0.032176300000
1537244601,6246.990000000000,0.007100000000
1537244601,6246.990000000000,0.003090000000
1537244603,6247.000000000000,0.304100340000
1537244603,6247.000000000000,0.004722100000
1537244603,6247.000000000000,0.002640920000
1537244603,6247.000000000000,0.002421040000
1537244605,6247.000000000000,0.000540060000
1537244605,6247.000000000000,0.002801160000
1537244605,6247.000000000000,0.001200480000
1537244605,6247.000000000000,0.001680450000
1537244605,6247.000000000000,0.001360440000
1537244605,6247.000000000000,0.002801090000
1537244605,6247.000000000000,0.004241960000
1537244605,6247.000000000000,0.000690770000
1537244605,6247.000000000000,0.001149850000
1537244605,6247.000000000000,0.001200460000
1537244605,6247.000000000000,0.002111130000
1537244611,6247.000000000000,0.001435120000
1537244611,6247.000000000000,0.027313750000
1537244611,6247.000000000000,0.002161000000
1537244611,6247.000000000000,0.001840740000
1537244611,6247.000000000000,0.002000650000
1537244611,6247.000000000000,0.001200300000
1537244611,6247.000000000000,0.059648560000
1537244612,6247.000000000000,0.009000000000
1537244614,6246.990000000000,0.109457340000
1537244616,6247.000000000000,0.004142880000
1537244619,6247.000000000000,0.001592800000
1537244624,6247.000000000000,0.005576410000
1537244624,6247.000000000000,0.003200000000
1537244626,6247.000000000000,0.002151880000
1537244626,6247.000000000000,0.001435120000
1537244627,6247.000000000000,0.007328490000
1537244632,6247.000000000000,0.013019580000
1537244633,6247.000000000000,0.054929450000
1537244642,6246.990000000000,0.003090000000
1537244646,6247.000000000000,0.029896940000
1537244647,6246.990000000000,0.029900000000
1537244654,6247.000000000000,0.007806330000
1537244655,6247.000000000000,0.007647050000
1537244657,6247.000000000000,0.016082550000
1537244658,6247.000000000000,0.006200000000
1537244660,6247.000000000000,0.006691370000
1537244662,6246.990000000000,0.003090000000
1537244662,6247.000000000000,0.001116560000
1537244662,6247.000000000000,0.009080580000
1537244665,6247.000000000000,0.006054250000
1537244666,6247.000000000000,0.025008620000
1537244667,6246.990000000000,0.006057470000
1537244669,6247.000000000000,0.016500000000
1537244671,6247.000000000000,0.007647050000
1537244672,6247.000000000000,0.319196080000
1537244677,6247.000000000000,0.007647050000
1537244682,6246.990000000000,0.003090000000
1537244683,6247.000000000000,0.007964020000
1537244688,6247.000000000000,0.007647050000
1537244691,6246.990000000000,0.008000000000
1537244695,6247.000000000000,0.005257850000
1537244697,6247.000000000000,0.015929640000
1537244699,6247.000000000000,0.008284180000
1537244702,6246.990000000000,0.003090000000
1537244708,6247.000000000000,0.007647050000
1537244709,6246.990000000000,0.146982950000
1537244712,6247.000000000000,0.156942200000
1537244712,6247.000000000000,0.007033820000
1537244715,6246.990000000000,0.016000000000
1537244719,6247.000000000000,0.141892240000
1537244719,6247.000000000000,0.001200520000
1537244719,6247.000000000000,0.001200270000
1537244719,6247.000000000000,0.001360460000
1537244719,6247.000000000000,0.002000510000
1537244719,6247.000000000000,0.001200200000
1537244719,6247.000000000000,0.001200190000
1537244719,6247.000000000000,0.030860000000
1537244719,6247.000000000000,0.001200560000
1537244719,6247.000000000000,0.002801070000
1537244719,6247.000000000000,0.002321060000
1537244719,6247.000000000000,0.001200110000
1537244719,6247.000000000000,0.003121250000
1537244719,6247.000000000000,0.001840710000
1537244719,6247.000000000000,0.001200140000
1537244719,6247.000000000000,0.002801200000
1537244719,6247.000000000000,0.001520660000
1537244719,6247.000000000000,0.009899910000
1537244720,6247.000000000000,0.062523110000
1537244720,6247.000000000000,0.062246780000
1537244721,6247.000000000000,0.030634410000
1537244722,6247.000000000000,0.040645590000
1537244722,6247.000000000000,0.001674040000
1537244724,6247.000000000000,0.292376160000
1537244724,6247.000000000000,0.030860000000
1537244724,6247.010000000000,0.002961200000
1537244724,6247.020000000000,0.001520310000
1537244724,6247.030000000000,0.001200250000
1537244724,6247.040000000000,0.003121180000
1537244724,6247.050000000000,0.002961110000
1537244724,6247.060000000000,0.001200540000
1537244724,6247.070000000000,0.004081780000
1537244724,6247.080000000000,0.002321000000
1537244724,6247.090000000000,0.001200540000
1537244724,6247.100000000000,0.003120990000
1537244724,6247.110000000000,0.062737440000
1537244725,6247.110000000000,0.012262560000
1537244725,6247.140000000000,0.001000000000
1537244725,6247.200000000000,0.001000000000
1537244725,6247.290000000000,0.001000000000
1537244725,6247.330000000000,0.015637440000
1537244725,6247.330000000000,0.000062560000
1537244725,6247.550000000000,0.399937440000
1537244726,6247.550000000000,0.000062560000
1537244726,6247.720000000000,0.001000000000
1537244726,6248.250000000000,0.001500000000
1537244726,6248.300000000000,0.001000000000
1537244726,6248.480000000000,0.001642000000
1537244726,6248.700000000000,0.154350460000
1537244729,6248.700000000000,0.635392860000
1537244729,6248.700000000000,0.001889100000
1537244729,6248.750000000000,0.018000000000
1537244729,6248.990000000000,0.001359820000
1537244729,6249.000000000000,0.343413100000
1537244730,6249.000000000000,0.156500000000
1537244736,6248.990000000000,0.399500000000
1537244742,6249.000000000000,0.000086900000
1537244742,6249.000000000000,0.084120390000
1537244743,6248.990000000000,0.080440750000
1537244744,6249.000000000000,0.075879610000
1537244744,6249.000000000000,0.030720390000
1537244744,6249.000000000000,0.000139610000
1537244744,6249.220000000000,0.000860390000
1537244746,6249.590000000000,0.002479760000
1537244746,6249.600000000000,0.001000000000
1537244746,6249.670000000000,0.001000000000
1537244746,6249.680000000000,0.002479960000
1537244746,6249.690000000000,0.072296630000
1537244746,6249.690000000000,0.003743190000
1537244749,6249.690000000000,0.023960180000
1537244749,6249.990000000000,0.001199920000
1537244749,6250.000000000000,0.075000000000
1537244749,6250.000000000000,0.056712150000
1537244751,6250.000000000000,0.053287850000
1537244751,6250.000000000000,0.946704550000
1537244751,6249.990000000000,0.036733570000
1537244753,6249.990000000000,0.073788990000
1537244753,6250.000000000000,0.111122650000
1537244753,6250.000000000000,0.200000000000
1537244753,6250.000000000000,0.010000000000
1537244753,6250.000000000000,0.046311200000
1537244756,6250.000000000000,0.017609190000
1537244766,6250.000000000000,0.007643380000
1537244771,6250.000000000000,0.040000000000
1537244774,6250.000000000000,0.138436230000
1537244774,6250.000000000000,0.861563770000
1537244776,6250.000000000000,0.004300000000
1537244778,6250.000000000000,0.614592000000
1537244781,6250.000000000000,0.009872240000
1537244782,6250.000000000000,0.156866870000
1537244783,6249.990000000000,0.175531740000
1537244783,6249.990000000000,0.003090000000
1537244788,6249.990000000000,0.144924850000
1537244801,6250.000000000000,0.076548460000
1537244802,6249.990000000000,0.003090000000
1537244808,6250.000000000000,0.023404580000
1537244810,6249.990000000000,0.100500000000
1537244810,6250.000000000000,0.025260900000
1537244811,6250.000000000000,0.004140900000
1537244815,6250.000000000000,0.999992400000
1537244817,6250.000000000000,0.023404580000
1537244819,6250.000000000000,0.758156850000
1537244821,6249.990000000000,0.003090000000
1537244822,6250.000000000000,0.999992400000
1537244822,6249.990000000000,0.032404970000
1537244822,6249.990000000000,0.056095030000
1537244822,6250.000000000000,0.114821090000
1537244826,6250.000000000000,0.001036420000
1537244829,6249.990000000000,0.039993630000
1537244830,6250.000000000000,0.003742890000
1537244833,6249.990000000000,0.114800000000
1537244833,6249.990000000000,0.002412060000
1537244835,6250.000000000000,0.001514030000
1537244836,6250.000000000000,0.030619700000
1537244841,6249.990000000000,0.003090000000
1537244844,6249.990000000000,0.067569960000
1537244845,6250.000000000000,0.159521430000
1537244847,6250.000000000000,0.075000070000
1537244852,6250.000000000000,0.015444380000
1537244855,6250.000000000000,0.013600000000
1537244858,6250.000000000000,0.125494130000
1537244860,6250.000000000000,0.117650150000
1537244862,6250.000000000000,0.015309050000
1537244863,6249.990000000000,0.003090000000
1537244866,6250.000000000000,0.470600600000
1537244870,6250.000000000000,0.045928760000
1537244874,6250.000000000000,0.002946870000
1537244874,6250.000000000000,0.015309050000
1537244882,6249.990000000000,0.003090000000
1537244883,6250.000000000000,0.156866870000
1537244897,6250.000000000000,0.156866870000
1537244900,6250.000000000000,0.002400000000
1537244902,6250.000000000000,0.032132140000
1537244903,6249.990000000000,0.003090000000
1537244908,6250.000000000000,0.054275820000
1537244917,6249.990000000000,0.394679570000
1537244920,6249.990000000000,0.024120640000
1537244921,6249.990000000000,0.003090000000
1537244923,6250.000000000000,0.032149650000
1537244926,6250.000000000000,0.013013330000
1537244927,6250.000000000000,0.079760710000
1537244930,6250.000000000000,0.001592040000
1537244931,6250.000000000000,0.024495120000
1537244933,6249.990000000000,0.300977370000
1537244937,6250.000000000000,0.025400000000
1537244941,6250.000000000000,0.053583280000
1537244942,6249.990000000000,0.003090000000
1537244948,6250.000000000000,0.011000000000
1537244951,6250.000000000000,0.075766770000
1537244951,6250.000000000000,0.002150850000
1537244951,6250.000000000000,0.003980100000
1537244952,6250.000000000000,1.000000000000
1537244953,6250.000000000000,0.013610140000
1537244955,6250.000000000000,0.006371340000
1537244960,6250.000000000000,0.186103080000
1537244960,6249.990000000000,0.200500000000
1537244961,6249.990000000000,0.003090000000
1537244968,6250.000000000000,0.060394030000
1537244971,6250.000000000000,0.156866870000
1537244973,6250.000000000000,0.186100000000
1537244973,6249.990000000000,0.048971330000
1537244975,6250.000000000000,0.015444380000
1537244981,6250.000000000000,0.002946870000
1537244981,6250.000000000000,0.039880350000
1537244982,6249.990000000000,0.003090000000
1537244983,6250.000000000000,0.003265270000
1537244984,6250.000000000000,0.023219900000
1537244996,6250.000000000000,0.062747060000
1537244996,6249.990000000000,0.065700000000
1537244996,6250.000000000000,0.114821090000
1537245001,6249.990000000000,0.003090000000
1537245007,6249.990000000000,0.052100000000
1537245012,6250.000000000000,0.022963580000
1537245012,6249.990000000000,0.002000000000
1537245015,6250.000000000000,0.068892340000
1537245016,6250.000000000000,0.048224480000
1537245016,6250.000000000000,0.007960200000
1537245018,6250.000000000000,0.041300000000
1537245019,6250.000000000000,0.002946870000
1537245021,6250.000000000000,0.149094450000
1537245021,6250.000000000000,0.010827460000
1537245023,6249.990000000000,0.003090000000
1537245027,6249.990000000000,0.022673000000
1537245029,6249.990000000000,0.003000000000
1537245031,6250.000000000000,0.020667860000
1537245032,6249.990000000000,0.002000000000
1537245032,6250.000000000000,0.009076220000
1537245039,6250.000000000000,0.007960200000
1537245041,6249.990000000000,0.067400000000
1537245043,6249.990000000000,0.003090000000
1537245053,6250.000000000000,0.013610140000
1537245053,6249.990000000000,0.002000000000
1537245059,6250.000000000000,0.007643380000
1537245060,6250.000000000000,0.001434430000
1537245061,6250.000000000000,0.007961790000
1537245063,6249.990000000000,0.003090000000
1537245065,6249.990000000000,0.013600000000
1537245066,6250.000000000000,0.015309050000
1537245068,6250.000000000000,0.032942490000
1537245070,6249.990000000000,0.495836200000
1537245070,6249.990000000000,0.001000000000
1537245070,6249.990000000000,0.047664770000
1537245072,6249.990000000000,0.002000000000
1537245076,6249.990000000000,0.020100000000
1537245082,6249.990000000000,0.003090000000
1537245082,6250.000000000000,0.018524980000
1537245084,6250.000000000000,0.002467660000
1537245084,6250.000000000000,0.003742890000
1537245085,6250.000000000000,0.005255320000
1537245086,6250.000000000000,0.031364780000
1537245087,6250.000000000000,0.006400000000
1537245088,6250.000000000000,0.062747060000
1537245091,6249.990000000000,0.002572870000
1537245092,6250.000000000000,0.001434430000
1537245092,6249.990000000000,0.002000000000
1537245095,6250.000000000000,0.004777710000
1537245098,6249.990000000000,0.089900000000
1537245099,6250.000000000000,0.007643380000
1537245102,6249.990000000000,0.003090000000
1537245103,6250.000000000000,0.030619700000
1537245106,6249.990000000000,0.018212030000
1537245109,6249.990000000000,0.030600000000
1537245109,6250.000000000000,0.002946870000
1537245112,6249.990000000000,0.002000000000
1537245119,6250.000000000000,0.004300100000
1537245122,6250.000000000000,0.035295520000
1537245123,6249.990000000000,0.003090000000
1537245123,6249.990000000000,0.007718610000
1537245125,6250.000000000000,0.142591040000
1537245129,6250.000000000000,0.011145870000
1537245133,6249.990000000000,0.002000000000
1537245133,6250.000000000000,0.031078210000
1537245134,6250.000000000000,0.008280200000
1537245135,6250.000000000000,0.007643380000
1537245138,6250.000000000000,0.070589450000
1537245139,6250.000000000000,0.002388060000
1537245139,6250.000000000000,0.015309050000
1537245141,6250.000000000000,0.002787660000
1537245142,6249.990000000000,0.003090000000
1537245146,6250.000000000000,0.025719400000
1537245152,6249.990000000000,0.002000000000
1537245152,6250.000000000000,0.020667860000
1537245154,6250.000000000000,0.024500000000
1537245160,6250.000000000000,0.068892340000
1537245161,6249.990000000000,0.003090000000
1537245165,6250.000000000000,0.022963580000
1537245165,6250.000000000000,0.005753630000
1537245174,6250.000000000000,0.015309050000
1537245179,6250.000000000000,0.010500000000
1537245182,6249.990000000000,0.003090000000
1537245183,6250.000000000000,0.008917010000
1537245184,6250.000000000000,0.015444380000
1537245186,6250.000000000000,0.070589450000
1537245190,6249.990000000000,0.120137210000
1537245191,6250.000000000000,0.018700000000
1537245201,6249.990000000000,0.003090000000
1537245203,6250.000000000000,0.004000000000
1537245204,6250.000000000000,0.018950000000
1537245214,6250.000000000000,0.012500000000
1537245216,6250.000000000000,0.007643380000
1537245219,6250.000000000000,0.156866870000
1537245220,6250.000000000000,0.022333000000
1537245221,6249.990000000000,0.003090000000
1537245225,6249.990000000000,0.003184960000
1537245225,6250.000000000000,0.059500000000
1537245231,6250.000000000000,0.002946870000
1537245237,6250.000000000000,0.015309050000
1537245238,6249.990000000000,0.018500000000
1537245242,6249.990000000000,0.003090000000
1537245243,6250.000000000000,0.022333000000
1537245250,6250.000000000000,0.011900000000
1537245251,6250.000000000000,0.013852340000
1537245253,6249.990000000000,0.018670980000
1537245262,6249.990000000000,0.003090000000
1537245262,6250.000000000000,0.001922030000
1537245262,6250.000000000000,0.013387020000
1537245264,6249.990000000000,0.089321540000
1537245269,6250.000000000000,0.156866870000
1537245273,6250.000000000000,0.003200000000
1537245280,6250.000000000000,0.022608560000
1537245281,6250.000000000000,0.054349050000
1537245282,6249.990000000000,0.003090000000
1537245285,6250.000000000000,0.156866870000
1537245285,6249.990000000000,0.155500000000
1537245292,6250.000000000000,0.170086940000
1537245292,6250.000000000000,0.003119610000
1537245292,6250.000000000000,0.030860000000
1537245292,6250.000000000000,0.001199900000
1537245292,6250.000000000000,0.001679550000
1537245292,6250.000000000000,0.001199960000
1537245292,6250.000000000000,0.001679710000
1537245292,6250.000000000000,0.002959750000
1537245292,6250.000000000000,0.001199970000
1537245292,6250.000000000000,0.617938720000
1537245292,6250.000000000000,0.030000000000
1537245292,6250.000000000000,0.002000000000
1537245292,6250.000000000000,1.000000000000
1537245292,6250.000000000000,0.825328770000
1537245292,6250.000000000000,0.016079250000
1537245292,6250.000000000000,0.500000000000
1537245292,6250.000000000000,0.500000000000
1537245292,6250.000000000000,1.000000000000
1537245292,6250.010000000000,0.001519770000
1537245292,6250.010000000000,0.001000000000
1537245292,6250.020000000000,0.001199550000
1537245292,6250.030000000000,0.003119860000
1537245293,6250.040000000000,0.001679670000
1537245293,6250.050000000000,0.002799700000
1537245293,6250.060000000000,0.001519630000
1537245293,6250.070000000000,0.002479870000
1537245293,6250.080000000000,0.001199980000
1537245293,6250.090000000000,0.001519760000
1537245293,6250.100000000000,0.002799700000
1537245293,6250.110000000000,0.001999800000
1537245293,6250.120000000000,0.001679910000
1537245293,6250.130000000000,0.002639900000
1537245294,6250.140000000000,0.001359680000
1537245294,6250.150000000000,0.001199570000
1537245294,6250.160000000000,0.001199600000
1537245294,6250.170000000000,0.005519540000
1537245294,6250.180000000000,0.001519890000
1537245294,6250.190000000000,0.001000000000
1537245294,6250.190000000000,0.001000000000
1537245294,6250.680000000000,0.943965370000
1537245294,6250.680000000000,0.231664630000
1537245294,6251.000000000000,0.125000000000
1537245296,6251.190000000000,0.157200000000
1537245304,6251.180000000000,0.010000000000
1537245306,6251.190000000000,0.013626270000
1537245311,6251.190000000000,0.037501320000
1537245311,6251.190000000000,0.057399620000
1537245311,6251.190000000000,0.001591740000
1537245313,6251.190000000000,0.002946300000
1537245319,6251.180000000000,0.057400000000
1537245321,6251.180000000000,0.003090000000
1537245322,6251.190000000000,0.003742170000
1537245322,6251.190000000000,0.011462100000
1537245324,6251.190000000000,0.070576020000
1537245326,6251.190000000000,0.003742170000
1537245330,6251.190000000000,0.027551370000
1537245331,6251.180000000000,0.039000000000
1537245331,6251.190000000000,0.031358810000
1537245335,6251.180000000000,0.006438440000
1537245336,6251.190000000000,0.101953420000
1537245337,6251.190000000000,0.047051740000
1537245342,6251.190000000000,0.027500000000
1537245342,6251.180000000000,0.003090000000
1537245344,6251.190000000000,0.001434150000
1537245347,6251.190000000000,0.010190650000
1537245348,6251.190000000000,0.026991000000
1537245350,6251.180000000000,0.009485650000
1537245352,6251.190000000000,0.038266940000
1537245353,6251.190000000000,0.003920450000
1537245354,6251.180000000000,0.166677110000
1537245354,6251.180000000000,0.003900000000
1537245357,6251.190000000000,0.015308120000
1537245359,6251.190000000000,0.002627960000
1537245360,6251.190000000000,0.002309610000
1537245362,6251.180000000000,0.003090000000
1537245364,6251.190000000000,0.013529760000
1537245366,6251.190000000000,0.003900000000
1537245367,6251.190000000000,0.001000000000
1537245370,6251.190000000000,0.007482750000
1537245373,6251.190000000000,0.015306140000
1537245376,6251.190000000000,0.054892630000
1537245376,6251.190000000000,0.016071770000
1537245377,6251.180000000000,0.015400000000
1537245380,6251.190000000000,0.031358810000
1537245381,6251.180000000000,0.003090000000
1537245389,6251.180000000000,0.004019340000
1537245389,6251.180000000000,0.205400000000
1537245392,6251.190000000000,0.001274980000
1537245401,6251.190000000000,0.062735120000
1537245401,6251.180000000000,0.004000000000
1537245401,6251.180000000000,0.003090000000
1537245404,6251.190000000000,0.015306140000
1537245406,6251.190000000000,0.048619600000
1537245413,6251.180000000000,0.081602280000
1537245413,6251.180000000000,0.202200000000
1537245413,6251.190000000000,0.012858050000
1537245417,6251.190000000000,0.019399020000
1537245417,6251.190000000000,0.001928550000
1537245417,6251.190000000000,0.001839460000
1537245417,6251.190000000000,0.030860000000
1537245417,6251.190000000000,0.001679320000
1537245417,6251.190000000000,0.001679490000
1537245417,6251.190000000000,0.001199660000
1537245417,6251.190000000000,0.002319090000
1537245417,6251.190000000000,0.001359500000
1537245417,6251.190000000000,0.002479210000
1537245417,6251.190000000000,0.001839550000
1537245417,6251.190000000000,0.001999520000
1537245417,6251.190000000000,0.001519350000
1537245417,6251.190000000000,0.002639210000
1537245417,6251.190000000000,0.002799360000
1537245417,6251.190000000000,0.002799420000
1537245417,6251.200000000000,0.002319130000
1537245417,6251.200000000000,0.001000000000
1537245417,6251.210000000000,0.004559110000
1537245417,6251.220000000000,0.002959200000
1537245417,6251.230000000000,0.002639430000
1537245417,6251.240000000000,0.002159540000
1537245417,6251.250000000000,0.001199590000
1537245417,6251.260000000000,0.002159320000
1537245417,6251.270000000000,0.001999530000
1537245417,6251.280000000000,0.002479210000
1537245417,6251.290000000000,0.002799130000
1537245417,6251.300000000000,0.001359610000
1537245417,6251.310000000000,0.003119230000
1537245417,6251.320000000000,0.001204250000
1537245417,6251.520000000000,0.046541010000
1537245418,6251.520000000000,0.091840030000
1537245418,6251.510000000000,0.033045150000
1537245437,6251.520000000000,0.015305330000
1537245442,6251.510000000000,0.003090000000
1537245446,6251.520000000000,0.001752410000
1537245448,6251.510000000000,0.015300000000
1537245448,6251.510000000000,0.016485900000
1537245458,6251.520000000000,0.033600000000
1537245459,6251.510000000000,0.033600000000
1537245461,6251.520000000000,0.015305330000
1537245462,6251.510000000000,0.003090000000
1537245463,6251.510000000000,0.163197560000
1537245468,6251.520000000000,0.005082220000
1537245468,6251.520000000000,0.026274930000
1537245469,6251.520000000000,0.004585070000
1537245469,6251.520000000000,0.002319400000
1537245469,6251.520000000000,0.010850420000
1537245471,6251.510000000000,0.002457310000
1537245471,6251.520000000000,0.024392080000
1537245471,6251.520000000000,0.011700000000
1537245484,6251.520000000000,0.018000000000
1537245487,6251.510000000000,0.020899470000
1537245488,6251.510000000000,0.192352010000
1537245498,6251.520000000000,0.159482640000
1537245501,6251.510000000000,0.001376150000
1537245501,6251.510000000000,0.003090000000
1537245505,6251.520000000000,0.084182510000
1537245513,6251.520000000000,0.002946150000
1537245516,6251.520000000000,0.013610140000
1537245521,6251.510000000000,0.003090000000
1537245529,6251.520000000000,0.024489170000
1537245537,6251.520000000000,0.002150320000
1537245541,6251.520000000000,0.053570260000
1537245542,6251.510000000000,0.003090000000
1537245545,6251.520000000000,0.007641520000
1537245545,6251.520000000000,0.002946150000
1537245550,6251.520000000000,0.277356630000
1537245552,6251.520000000000,0.016836500000
1537245553,6251.510000000000,0.071200000000
1537245555,6251.510000000000,0.467681600000
1537245555,6251.510000000000,0.532318400000
1537245561,6251.520000000000,0.001000000000
1537245561,6251.520000000000,0.077414360000
1537245561,6251.510000000000,0.003090000000
1537245563,6251.520000000000,0.030612260000
1537245564,6251.520000000000,0.018800000000
1537245566,6251.520000000000,0.047448760000
1537245568,6251.510000000000,0.073491660000
1537245568,6251.510000000000,0.148884000000
1537245568,6251.510000000000,1.346225650000
1537245568,6251.510000000000,0.431398690000
1537245576,6251.520000000000,0.015948260000
1537245579,6251.520000000000,0.038264920000
1537245582,6251.510000000000,0.003090000000
1537245589,6251.520000000000,0.018367670000
1537245590,6251.520000000000,0.018826070000
1537245591,6251.520000000000,0.036070030000
1537245591,6251.520000000000,0.047049250000
1537245598,6251.520000000000,0.156828720000
1537245599,6251.520000000000,0.015427160000
1537245600,6251.510000000000,0.018400000000
1537245602,6251.510000000000,0.003090000000
1537245607,6251.510000000000,0.008684200000
1537245616,6251.520000000000,0.004464590000
1537245617,6251.520000000000,0.558189270000
1537245622,6251.510000000000,0.003090000000
1537245622,6251.510000000000,0.005900000000
1537245625,6251.520000000000,0.007641520000
1537245625,6251.520000000000,0.039207180000
1537245625,6251.520000000000,0.007641520000
1537245632,6251.520000000000,0.010000000000
1537245634,6251.520000000000,0.200720140000
1537245636,6251.520000000000,0.022600000000
1537245641,6251.510000000000,0.003090000000
1537245642,6251.510000000000,0.003054100000
1537245642,6251.510000000000,0.003055230000
1537245645,6251.520000000000,0.032934480000
1537245646,6251.520000000000,0.007959860000
1537245648,6251.520000000000,0.015440620000
1537245655,6251.520000000000,0.005413210000
1537245660,6251.520000000000,0.076529850000
1537245660,6251.510000000000,0.075900000000
1537245661,6251.510000000000,0.003090000000
1537245663,6251.520000000000,0.006845700000
1537245664,6251.520000000000,0.006900000000
1537245668,6251.520000000000,0.003264480000
1537245669,6251.520000000000,1.039290120000
1537245669,6251.520000000000,0.010000000000
1537245669,6251.520000000000,0.002638970000
1537245669,6251.520000000000,0.030860000000
1537245669,6251.520000000000,0.001359210000
1537245669,6251.520000000000,0.001000000000
1537245669,6251.520000000000,0.001359200000
1537245669,6251.520000000000,0.003119080000
1537245669,6251.520000000000,0.002159060000
1537245669,6251.520000000000,0.001199690000
1537245669,6251.520000000000,0.002319010000
1537245669,6251.520000000000,0.002478970000
1537245669,6251.520000000000,0.795655890000
1537245669,6251.520000000000,0.106560800000
1537245673,6251.520000000000,0.076600000000
1537245673,6251.510000000000,0.010126600000
1537245676,6251.520000000000,0.002946150000
1537245685,6251.510000000000,0.031600000000
1537245685,6251.520000000000,0.117621540000
1537245686,6251.520000000000,0.011461490000
1537245687,6251.520000000000,0.002400000000
1537245688,6251.520000000000,0.023398890000
1537245689,6251.520000000000,0.031357150000
1537245691,6251.520000000000,0.004458220000
1537245702,6251.520000000000,0.001831990000
1537245703,6251.510000000000,0.003090000000
1537245703,6251.520000000000,0.004458220000
1537245712,6251.520000000000,0.049743920000
1537245716,6251.520000000000,0.453461630000
1537245716,6251.520000000000,0.004335550000
1537245716,6251.520000000000,1.267317200000
1537245718,6251.520000000000,0.001542140000
1537245719,6251.520000000000,0.007641520000
1537245721,6251.510000000000,0.003090000000
1537245724,6251.510000000000,0.024006680000
1537245733,6251.510000000000,0.008577200000
1537245733,6251.520000000000,0.008469180000
1537245738,6251.520000000000,0.015440620000
1537245739,6251.520000000000,0.031357150000
1537245741,6251.510000000000,0.003090000000
1537245746,6251.520000000000,0.003000000000
1537245747,6251.510000000000,0.044838730000
1537245749,6251.520000000000,0.004458220000
1537245751,6251.520000000000,0.007958260000
1537245754,6251.510000000000,0.003500000000
1537245761,6251.510000000000,0.003090000000
1537245766,6251.520000000000,0.003300000000
1537245767,6251.520000000000,0.007246790000
1537245777,6251.520000000000,0.011461490000
1537245778,6251.520000000000,0.078414360000
1537245778,6251.510000000000,0.078400000000
1537245782,6251.510000000000,0.003090000000
1537245783,6251.510000000000,0.048229550000
1537245786,6251.510000000000,0.389240890000
1537245786,6251.510000000000,0.142679910000
1537245786,6251.510000000000,0.003000000000
1537245786,6251.510000000000,0.149165360000
1537245786,6251.510000000000,0.627235950000
1537245786,6251.510000000000,0.092162490000
1537245786,6251.510000000000,0.014285710000
1537245786,6251.510000000000,0.096770610000
1537245786,6251.510000000000,0.100000000000
1537245786,6251.510000000000,0.101863800000
1537245786,6251.510000000000,1.039748790000
1537245786,6251.510000000000,2.500000000000
1537245786,6251.510000000000,2.500000000000
1537245786,6251.500000000000,0.079980800000
1537245786,6251.350000000000,0.001000000000
1537245786,6251.180000000000,0.001000000000
1537245786,6250.840000000000,0.001000000000
1537245786,6250.750000000000,0.070000000000
1537245786,6250.670000000000,0.001000000000
1537245786,6250.260000000000,0.010000000000
1537245786,6250.150000000000,0.001000000000
1537245786,6250.000000000000,0.160000000000
1537245786,6250.000000000000,0.336067200000
1537245786,6249.990000000000,0.016100000000
1537245786,6239.700000000000,2.567500000000
1537245786,6239.700000000000,0.432500000000
1537245786,6239.700000000000,2.135900000000
1537245786,6239.700000000000,0.864100000000
1537245786,6239.700000000000,1.702200000000
1537245786,6239.700000000000,1.000000000000
1537245787,6239.750000000000,0.007046200000
1537245787,6239.750000000000,0.008199020000
1537245787,6239.760000000000,0.297800000000
1537245787,6239.760000000000,0.702200000000
1537245787,6240.000000000000,2.297800000000
1537245787,6240.000000000000,3.000000000000
1537245791,6240.000000000000,0.078400000000
1537245791,6240.000000000000,0.008278190000
1537245797,6239.990000000000,0.382400000000
1537245797,6239.990000000000,1.000000000000
1537245797,6239.990000000000,35.800000000000
1537245797,6239.990000000000,0.633000000000
1537245797,6239.990000000000,2.217000000000
1537245797,6239.990000000000,0.010000000000
1537245797,6239.990000000000,9.957600000000
1537245801,6240.000000000000,0.002951590000
1537245803,6240.000000000000,0.001400000000
1537245803,6239.990000000000,0.003090000000
1537245804,6239.990000000000,0.108586150000
1537245812,6240.000000000000,0.032209150000
1537245813,6240.000000000000,0.015469130000
1537245816,6240.000000000000,0.007655630000
1537245821,6239.990000000000,0.003090000000
1537245827,6240.000000000000,0.002100000000
1537245829,6240.000000000000,0.015333590000
1537245831,6240.000000000000,0.004944830000
1537245835,6240.000000000000,0.002949990000
1537245838,6239.990000000000,0.017400000000
1537245842,6239.990000000000,0.003090000000
1537245844,6240.000000000000,0.021847490000
1537245845,6240.000000000000,0.154053450000
1537245845,6240.000000000000,0.032201170000
1537245848,6240.000000000000,0.115696210000
1537245850,6240.000000000000,0.001516460000
1537245850,6239.990000000000,0.032200000000
1537245854,6240.000000000000,0.003986480000
1537245855,6240.000000000000,0.006061040000
1537245857,6240.000000000000,0.015333590000
1537245860,6239.990000000000,0.229996500000
1537245862,6239.990000000000,0.003090000000
1537245862,6240.000000000000,0.010056600000
1537245869,6239.990000000000,0.269772370000
1537245875,6240.000000000000,0.020700980000
1537245875,6240.000000000000,0.003988070000
1537245878,6239.990000000000,0.024642480000
1537245879,6240.000000000000,0.004306990000
1537245882,6239.990000000000,0.003090000000
1537245884,6240.000000000000,0.009090760000
1537245887,6240.000000000000,0.007655630000
1537245888,6240.000000000000,0.007988850000
1537245889,6239.990000000000,0.093665980000
1537245897,6240.000000000000,0.043993180000
1537245901,6240.000000000000,0.031415040000
1537245901,6239.990000000000,0.003090000000
1537245901,6239.990000000000,0.007961400000
1537245903,6240.000000000000,0.005263750000
1537245904,6240.000000000000,0.080275490000
1537245905,6240.000000000000,0.068326350000
1537245909,6239.990000000000,0.062238270000
1537245913,6240.000000000000,0.002951590000
1537245922,6239.990000000000,0.003090000000
1537245925,6240.000000000000,0.069002740000
1537245925,6240.000000000000,0.028855710000
1537245925,6240.000000000000,0.034186500000
1537245937,6240.000000000000,0.361371030000
1537245937,6240.000000000000,0.014720400000
1537245937,6239.990000000000,0.362100000000
1537245940,6240.000000000000,0.043701360000
1537245940,6240.000000000000,0.010621000000
1537245942,6240.000000000000,0.001436730000
1537245943,6239.990000000000,0.003090000000
1537245945,6240.000000000000,0.017824290000
1537245945,6240.000000000000,0.007972960000
1537245949,6240.000000000000,0.402500000000
1537245953,6239.990000000000,0.175073440000
1537245953,6239.990000000000,0.033017710000
1537245954,6240.000000000000,0.069131900000
1537245956,6240.000000000000,0.007655630000
1537245960,6240.000000000000,0.004400000000
1537245961,6239.990000000000,0.003090000000
1537245968,6240.000000000000,0.002951590000
1537245970,6240.000000000000,0.189265000000
1537245970,6240.000000000000,0.008717900000
1537245970,6240.000000000000,0.030860000000
1537245970,6241.260000000000,0.010000000000
1537245970,6241.650000000000,0.546604190000
1537245974,6241.650000000000,0.003429970000
1537245979,6241.650000000000,0.061335950000
1537245980,6242.000000000000,0.016096330000
1537245986,6242.000000000000,0.007653610000
1537245986,6241.990000000000,0.014347290000
1537245989,6242.000000000000,0.169946490000
1537245990,6242.000000000000,0.039279560000
1537245995,6241.990000000000,0.005500000000
1537245997,6242.000000000000,0.042922200000
1537246000,6242.000000000000,0.004465020000
1537246002,6242.000000000000,0.015464170000
1537246003,6241.990000000000,0.003090000000
1537246008,6241.990000000000,0.043000000000
1537246008,6242.000000000000,0.031491050000
1537246014,6242.000000000000,0.522681570000
1537246014,6242.000000000000,0.030860000000
1537246014,6242.030000000000,0.221458530000
1537246014,6242.030000000000,0.103821320000
1537246015,6242.030000000000,0.015940800000
1537246022,6242.030000000000,0.015328600000
1537246022,6242.020000000000,0.081722420000
1537246023,6242.030000000000,0.103821320000
1537246039,6242.020000000000,0.309999900000
1537246043,6242.020000000000,0.003090000000
1537246049,6242.020000000000,0.001690600000
1537246050,6242.030000000000,0.035654620000
1537246054,6242.030000000000,0.009087810000
1537246054,6242.030000000000,0.001436260000
1537246054,6242.020000000000,0.010500000000
1537246056,6242.020000000000,0.013695480000
1537246060,6242.030000000000,0.013646560000
1537246062,6242.030000000000,0.159725110000
1537246063,6242.020000000000,0.003090000000
1537246066,6242.020000000000,0.004759120000
1537246067,6242.030000000000,0.011500000000
1537246067,6242.030000000000,0.013253000000
1537246070,6242.030000000000,0.004392160000
1537246076,6242.030000000000,0.001714840000
1537246076,6243.200000000000,0.018515170000
1537246082,6243.200000000000,0.016862100000
1537246084,6243.200000000000,0.061400000000
1537246088,6243.200000000000,0.006375100000
1537246090,6243.190000000000,0.016900000000
1537246091,6243.200000000000,0.159377380000
1537246091,6243.190000000000,0.033000780000
1537246095,6243.200000000000,0.015325730000
1537246101,6243.190000000000,0.003090000000
1537246102,6243.190000000000,0.015300000000
1537246105,6243.200000000000,0.011407990000
1537246110,6243.200000000000,0.003906340000
1537246113,6243.190000000000,0.004300000000
1537246113,6243.200000000000,0.013002010000
1537246117,6243.190000000000,0.065365690000
1537246117,6243.200000000000,0.003906340000
1537246122,6243.190000000000,0.003090000000
1537246124,6243.200000000000,0.034943490000
1537246125,6243.200000000000,0.001675060000
1537246125,6243.200000000000,0.004100000000
1537246129,6243.200000000000,0.031398940000
1537246129,6243.200000000000,0.015325730000
1537246132,6243.190000000000,0.333248330000
1537246133,6243.200000000000,0.007651710000
1537246136,6243.200000000000,0.031100000000
1537246142,6243.190000000000,0.003090000000
1537246148,6243.200000000000,0.076163260000
1537246151,6243.200000000000,0.022988590000
1537246154,6243.200000000000,0.062815410000
1537246155,6243.200000000000,0.007651710000
1537246158,6243.190000000000,0.007700000000
1537246159,6243.200000000000,0.001435990000
1537246161,6243.190000000000,0.003090000000
1537246180,6243.200000000000,0.030653050000
1537246180,6243.190000000000,0.028700000000
1537246181,6243.190000000000,0.003090000000
1537246185,6243.200000000000,0.025747420000
1537246187,6243.200000000000,0.003428210000
1537246189,6243.200000000000,0.015325730000
1537246189,6243.200000000000,0.007651710000
1537246192,6243.200000000000,0.004100000000
1537246196,6243.200000000000,0.021389320000
1537246196,6243.200000000000,0.017870110000
1537246197,6243.190000000000,0.005438540000
1537246200,6243.200000000000,0.012989890000
1537246200,6243.200000000000,0.017663160000
1537246203,6243.200000000000,0.062600000000
1537246203,6243.190000000000,0.007887990000
1537246206,6243.200000000000,0.005261050000
1537246208,6243.200000000000,0.014475790000
1537246208,6243.200000000000,0.016177260000
1537246211,6243.190000000000,0.007435640000
1537246214,6243.200000000000,0.014682740000
1537246214,6243.670000000000,0.036217260000
1537246216,6243.670000000000,0.013794110000
1537246221,6243.670000000000,0.007651130000
1537246225,6243.670000000000,0.100121340000
1537246226,6243.670000000000,0.002312390000
1537246228,6243.670000000000,0.032182250000
1537246229,6243.670000000000,0.003746680000
1537246231,6243.660000000000,0.075330430000
1537246237,6243.670000000000,0.157025900000
1537246238,6243.660000000000,0.004498970000
1537246242,6243.670000000000,0.001593650000
1537246242,6243.660000000000,0.003090000000
1537246246,6243.670000000000,0.068962180000
1537246261,6243.670000000000,0.003746680000
1537246261,6243.660000000000,0.003090000000
1537246273,6243.660000000000,0.137100000000
1537246274,6243.670000000000,0.013266470000
1537246277,6243.670000000000,0.017471230000
1537246278,6243.670000000000,0.011407990000
1537246281,6243.670000000000,0.015460040000
1537246281,6243.660000000000,0.003090000000
1537246284,6243.670000000000,0.110000000000
1537246291,6243.670000000000,0.133471700000
1537246294,6243.670000000000,0.028209270000
1537246296,6243.670000000000,0.242795600000
1537246296,6243.670000000000,0.010000000000
1537246296,6243.670000000000,0.030860000000
1537246296,6244.930000000000,0.010000000000
1537246296,6246.790000000000,0.255935060000
1537246301,6246.930000000000,0.007969860000
1537246302,6246.920000000000,0.016578020000
1537246304,6246.920000000000,0.003072870000
1537246320,6246.930000000000,0.002030140000
1537246320,6246.930000000000,0.012669860000
1537246320,6246.930000000000,0.006065470000
1537246321,6246.920000000000,0.001210000000
1537246322,6248.180000000000,0.030860000000
1537246322,6249.600000000000,0.001000000000
1537246322,6250.190000000000,0.001000000000
1537246322,6250.530000000000,0.001000000000
1537246322,6250.540000000000,0.009558110000
1537246322,6250.620000000000,0.001000000000
1537246322,6250.800000000000,0.002690270000
1537246324,6250.800000000000,0.009877090000
1537246331,6250.790000000000,0.003800000000
1537246342,6250.800000000000,0.007642400000
1537246342,6250.790000000000,0.007700000000
1537246343,6250.800000000000,0.015442400000
1537246348,6250.800000000000,0.004347840000
1537246348,6250.800000000000,0.145405130000
1537246352,6250.790000000000,0.019217460000
1537246353,6250.800000000000,0.007700000000
1537246361,6250.790000000000,0.003090000000
1537246363,6250.790000000000,0.005947390000
1537246363,6250.800000000000,0.078423390000
1537246365,6250.790000000000,0.015427160000
1537246368,6250.800000000000,0.039211700000
1537246368,6250.800000000000,0.002946490000
1537246371,6250.800000000000,0.007642400000
1537246377,6250.790000000000,0.003000000000
1537246382,6250.790000000000,0.003090000000
1537246383,6250.800000000000,0.002400000000
1537246386,6250.800000000000,0.015001460000
1537246387,6250.800000000000,0.031360760000
1537246388,6250.790000000000,0.031400000000
1537246389,6250.790000000000,0.058042910000
1537246389,6250.800000000000,0.055107770000
1537246389,6250.800000000000,0.078423390000
1537246390,6250.790000000000,0.006065470000
1537246391,6250.800000000000,0.015950100000
1537246401,6250.790000000000,0.023700000000
1537246401,6250.790000000000,0.003090000000
1537246401,6250.790000000000,0.210000000000
1537246404,6250.790000000000,0.047000000000
1537246412,6250.800000000000,0.010000000000
1537246415,6250.800000000000,0.015427300000
1537246419,6250.800000000000,0.007642400000
1537246419,6250.800000000000,0.001552040000
1537246422,6250.790000000000,0.003090000000
1537246423,6250.790000000000,0.007600000000
1537246427,6250.800000000000,0.007642400000
1537246427,6250.800000000000,0.063673440000
1537246430,6250.800000000000,0.059601530000
1537246433,6250.790000000000,0.056647160000
1537246434,6250.790000000000,0.053700000000
1537246439,6250.800000000000,0.007642400000
1537246440,6250.800000000000,1.000062500000
1537246440,6250.800000000000,0.100000000000
1537246440,6250.800000000000,1.341482070000
1537246440,6250.800000000000,0.030860000000
1537246440,6250.800000000000,0.029000000000
1537246441,6251.000000000000,0.100000000000
1537246441,6251.180000000000,0.030860000000
1537246443,6251.190000000000,0.001000000000
1537246445,6251.260000000000,0.001000000000
1537246445,6251.320000000000,0.160000000000
1537246445,6251.520000000000,0.003118850000
1537246445,6251.520000000000,0.001481150000
1537246445,6251.520000000000,0.000677920000
1537246445,6251.520000000000,0.000922080000
1537246445,6251.520000000000,0.001077110000
1537246445,6251.520000000000,0.002479290000
1537246445,6251.520000000000,0.001199340000
1537246445,6251.520000000000,0.000744260000
1537246445,6251.520000000000,0.000455390000
1537246445,6251.520000000000,0.002318970000
1537246445,6251.520000000000,0.005525640000
1537246445,6251.520000000000,0.094474360000
1537246445,6251.530000000000,0.001359550000
1537246445,6251.540000000000,0.002479340000
1537246445,6251.550000000000,0.001999400000
1537246445,6251.560000000000,0.001359560000
1537246445,6251.570000000000,0.002319080000
1537246445,6251.580000000000,0.001199440000
1537246445,6251.590000000000,0.001000000000
1537246445,6251.590000000000,0.000199610000
1537246445,6251.600000000000,0.001999330000
1537246445,6251.610000000000,0.001679110000
1537246445,6251.620000000000,0.001679110000
1537246445,6251.630000000000,0.000841780000
1537246445,6251.630000000000,0.000517580000
1537246445,6251.640000000000,0.001000000000
1537246445,6251.640000000000,0.000839490000
1537246445,6251.650000000000,0.001160510000
1537246446,6251.650000000000,0.001318590000
1537246446,6251.660000000000,0.000681410000
1537246446,6251.660000000000,0.001000000000
1537246446,6251.660000000000,0.000477950000
1537246446,6251.670000000000,0.000522050000
1537246447,6251.660000000000,0.002200000000
1537246447,6251.670000000000,0.000677560000
1537246447,6251.680000000000,0.000322440000
1537246447,6251.680000000000,0.001196860000
1537246447,6251.690000000000,0.001519300000
1537246447,6251.700000000000,0.001199560000
1537246447,6251.710000000000,0.001000000000
1537246447,6252.000000000000,0.043383060000
1537246447,6252.000000000000,0.100000000000
1537246447,6252.550000000000,0.125000000000
1537246447,6252.550000000000,0.001040810000
1537246447,6252.690000000000,2.000000000000
1537246447,6252.700000000000,0.001000000000
1537246447,6253.000000000000,0.010000000000
1537246447,6253.000000000000,0.100000000000
1537246447,6253.900000000000,0.001000000000
1537246448,6253.900000000000,0.004000000000
1537246448,6253.900000000000,0.000208540000
1537246448,6254.000000000000,0.099791460000
1537246448,6254.000000000000,0.000208540000
1537246448,6254.430000000000,0.001000000000
1537246448,6254.440000000000,0.001000000000
1537246448,6254.460000000000,0.001000000000
1537246448,6255.000000000000,0.672009650000
1537246448,6255.000000000000,2.867990350000
1537246450,6255.000000000000,0.007641360000
1537246461,6255.000000000000,0.122437120000
1537246466,6255.000000000000,0.045892040000
1537246467,6255.000000000000,0.055070770000
1537246470,6254.990000000000,0.175200000000
1537246470,6255.000000000000,0.078370740000
1537246473,6255.000000000000,0.507081380000
1537246473,6255.000000000000,0.102414000000
1537246474,6255.000000000000,0.004455740000
1537246480,6255.000000000000,0.002944510000
1537246482,6254.990000000000,0.054629750000
1537246483,6254.990000000000,0.003090000000
1537246484,6255.000000000000,0.207212090000
1537246485,6255.000000000000,0.024017400000
1537246489,6255.000000000000,0.039185370000
1537246493,6255.000000000000,0.033406110000
1537246493,6254.990000000000,0.767080250000
1537246493,6254.990000000000,0.829394740000
1537246494,6255.000000000000,1.596000000000
1537246495,6255.000000000000,0.012069300000
1537246498,6255.000000000000,0.049309010000
1537246499,6255.000000000000,0.999986850000
1537246502,6255.000000000000,0.031816930000
1537246502,6254.990000000000,0.003090000000
1537246505,6254.990000000000,1.596400000000
1537246509,6255.000000000000,0.001433280000
1537246511,6255.000000000000,0.029064910000
1537246513,6254.990000000000,0.015427300000
1537246515,6255.000000000000,1.000021600000
1537246517,6255.000000000000,0.014954800000
1537246517,6254.990000000000,0.044100000000
1537246518,6255.000000000000,0.281615700000
1537246518,6255.000000000000,0.002113280000
1537246518,6255.000000000000,0.002474340000
1537246518,6255.000000000000,0.030860000000
1537246518,6255.800000000000,0.001000000000
1537246518,6256.000000000000,0.400000000000
1537246518,6256.000000000000,0.300000000000
1537246518,6256.000000000000,0.009839030000
1537246518,6256.250000000000,0.001518010000
1537246518,6256.250000000000,0.003116660000
1537246518,6256.250000000000,0.001198710000
1537246518,6256.890000000000,0.001358160000
1537246518,6256.900000000000,0.001517940000
1537246518,6256.910000000000,0.002956310000
1537246518,6256.920000000000,0.002956340000
1537246518,6256.930000000000,0.002317410000
1537246518,6256.940000000000,0.001198220000
1537246518,6256.950000000000,0.001198400000
1537246518,6256.960000000000,0.002317140000
1537246518,6256.970000000000,0.001997640000
1537246518,6256.980000000000,0.001677690000
1537246519,6259.590000000000,0.337777140000
1537246519,6259.720000000000,0.109040000000
1537246519,6259.990000000000,0.007040570000
1537246528,6260.000000000000,0.006100000000
1537246528,6260.000000000000,0.030595230000
1537246531,6260.000000000000,0.005564830000
1537246531,6260.000000000000,0.002785430000
1537246538,6260.000000000000,0.015294140000
1537246538,6260.000000000000,0.027512600000
1537246541,6259.990000000000,0.028600000000
1537246541,6260.000000000000,0.109630760000
1537246542,6259.990000000000,0.003090000000
1537246543,6260.000000000000,0.015284600000
1537246543,6260.000000000000,0.006041680000
1537246543,6260.000000000000,0.015419710000
1537246549,6260.000000000000,0.100000000000
1537246550,6260.000000000000,0.039154070000
1537246561,6260.000000000000,0.076426180000
1537246561,6259.990000000000,0.003090000000
1537246563,6260.000000000000,0.005246930000
1537246564,6259.990000000000,0.053700000000
1537246567,6260.000000000000,0.004452180000
1537246568,6259.990000000000,0.061891020000
1537246568,6260.000000000000,0.027512600000
1537246575,6259.990000000000,0.027500000000
1537246581,6259.990000000000,0.003090000000
1537246585,6260.000000000000,0.024761180000
1537246587,6259.990000000000,0.012300000000
1537246594,6260.000000000000,0.003736910000
1537246594,6260.000000000000,0.030570790000
1537246595,6260.000000000000,0.006357990000
1537246595,6260.000000000000,0.007631170000
1537246597,6260.000000000000,0.046985520000
1537246597,6260.000000000000,0.004770080000
1537246598,6260.000000000000,0.012300000000
1537246598,6260.000000000000,0.026749640000
1537246601,6259.990000000000,0.151567980000
1537246603,6259.990000000000,0.003090000000
1537246603,6260.000000000000,0.015894970000
1537246611,6259.990000000000,0.026700000000
1537246612,6260.000000000000,0.015419710000
1537246618,6260.000000000000,0.103698240000
1537246618,6260.000000000000,0.009597300000
1537246618,6260.000000000000,0.002635470000
1537246618,6260.000000000000,0.005049210000
1537246618,6260.000000000000,0.030860000000
1537246618,6260.000000000000,0.003114690000
1537246618,6260.000000000000,0.001197750000
1537246618,6260.000000000000,0.000463620000
1537246624,6260.000000000000,0.001852380000
1537246624,6260.000000000000,0.002156090000
1537246624,6260.000000000000,0.002635550000
1537246624,6260.000000000000,0.002475880000
1537246624,6260.000000000000,0.002635450000
1537246624,6260.000000000000,0.001237200000
1537246634,6260.000000000000,0.001078850000
1537246634,6260.000000000000,0.002475620000
1537246634,6260.000000000000,0.002795410000
1537246634,6260.000000000000,0.004232850000
1537246634,6260.000000000000,0.000863240000
1537246636,6260.000000000000,0.000654140000
1537246636,6260.000000000000,0.001197830000
1537246636,6260.000000000000,0.002475860000
1537246636,6260.000000000000,0.001713850000
1537246638,6260.000000000000,0.000442240000
1537246638,6260.000000000000,0.002156450000
1537246638,6260.000000000000,0.002156500000
1537246638,6260.000000000000,0.001517340000
1537246638,6260.000000000000,0.001197980000
1537246638,6260.000000000000,0.006149860000
1537246638,6260.000000000000,0.002475560000
1537246638,6260.000000000000,0.016002360000
1537246641,6260.000000000000,0.014857640000
1537246641,6260.000000000000,0.001197990000
1537246641,6260.000000000000,0.001517380000
1537246641,6260.000000000000,0.001197790000
1537246641,6260.000000000000,0.004712240000
1537246641,6260.000000000000,0.001198000000
1537246641,6260.000000000000,0.001357570000
1537246641,6260.000000000000,0.002156300000
1537246641,6260.000000000000,0.001197910000
1537246641,6260.000000000000,0.001517300000
1537246641,6260.010000000000,0.010000000000
1537246641,6260.010000000000,0.002500000000
1537246641,6260.090000000000,0.001197840000
1537246641,6260.100000000000,0.003539480000
1537246641,6260.090000000000,0.030860000000
1537246643,6260.100000000000,0.050000000000
1537246644,6260.090000000000,0.001576580000
1537246651,6260.100000000000,0.004601470000
1537246651,6260.100000000000,0.001197700000
1537246651,6260.460000000000,0.002315680000
1537246651,6260.470000000000,0.002156300000
1537246651,6260.480000000000,0.002795010000
1537246651,6260.490000000000,0.000842540000
1537246652,6260.490000000000,0.002272030000
1537246652,6260.500000000000,0.003593810000
1537246652,6260.510000000000,0.000086720000
1537246652,6260.510000000000,0.001111210000
1537246652,6260.520000000000,0.000320900000
1537246658,6260.510000000000,0.001197580000
1537246658,6260.510000000000,0.001585580000
1537246660,6260.500000000000,0.014100000000
1537246664,6260.510000000000,0.001369290000
1537246664,6260.510000000000,0.002315680000
1537246664,6260.510000000000,0.002635450000
1537246664,6260.510000000000,0.001357670000
1537246664,6260.510000000000,0.001836610000
1537246664,6260.510000000000,0.005903700000
1537246668,6260.510000000000,0.001432020000
1537246682,6260.500000000000,0.002350000000
1537246686,6260.500000000000,0.178500000000
1537246690,6260.510000000000,0.002155900000
1537246690,6260.510000000000,0.001517190000
1537246690,6260.510000000000,0.001197860000
1537246690,6260.510000000000,0.002462390000
1537246691,6260.510000000000,0.002249270000
1537246691,6260.510000000000,0.000056900000
1537246693,6260.500000000000,2.662222860000
1537246693,6260.500000000000,3.000000000000
1537246693,6260.500000000000,3.000000000000
1537246696,6260.500000000000,0.001600000000
1537246698,6260.510000000000,0.003057590000
1537246698,6260.510000000000,0.002475390000
1537246698,6260.510000000000,0.002475550000
1537246698,6260.510000000000,0.001197700000
1537246698,6260.510000000000,0.006077120000
1537246698,6260.510000000000,0.024782880000
1537246698,6260.510000000000,0.014368000000
1537246699,6260.510000000000,0.031312120000
1537246699,6260.510000000000,0.143286100000
1537246699,6260.510000000000,0.078300270000
1537246701,6260.500000000000,0.007089400000
1537246701,6260.500000000000,0.006175540000
1537246706,6260.510000000000,0.002624050000
1537246708,6260.510000000000,0.046800000000
1537246710,6260.510000000000,0.015893670000
1537246721,6260.510000000000,0.015283350000
1537246721,6260.500000000000,0.003090000000
1537246724,6260.510000000000,0.001000000000
1537246724,6260.510000000000,0.001197910000
1537246724,6260.510000000000,0.001197580000
1537246724,6260.510000000000,0.016582510000
1537246724,6260.510000000000,0.014277490000
1537246724,6260.510000000000,0.002315700000
1537246724,6260.510000000000,0.002635490000
1537246724,6260.510000000000,0.763787340000
1537246728,6260.510000000000,0.017007820000
1537246729,6260.510000000000,0.004100000000
1537246736,6260.510000000000,0.033963190000
1537246740,6260.500000000000,0.104347310000
1537246742,6260.500000000000,0.012800000000
1537246748,6260.500000000000,0.020869460000
1537246752,6260.510000000000,0.056220680000
1537246752,6260.510000000000,0.088340200000
1537246760,6260.510000000000,0.014392440000
1537246761,6260.510000000000,0.014213710000
1537246761,6260.500000000000,0.003090000000
1537246762,6260.510000000000,0.047681010000
1537246765,6260.500000000000,0.014200000000
1537246767,6260.510000000000,0.076419950000
1537246768,6260.500000000000,0.070795640000
1537246780,6260.510000000000,0.003736600000
1537246782,6260.500000000000,0.003090000000
1537246784,6260.510000000000,0.003418730000
1537246787,6260.510000000000,0.015418450000
1537246789,6260.510000000000,0.062641730000
1537246789,6260.500000000000,0.062600000000
1537246793,6260.510000000000,0.011445030000
1537246796,6260.510000000000,0.002306170000
1537246801,6260.510000000000,0.060300000000
1537246802,6260.510000000000,0.057625920000
1537246802,6260.500000000000,0.003090000000
1537246803,6260.510000000000,0.009664940000
1537246805,6260.510000000000,0.025371070000
1537246814,6260.510000000000,0.030568300000
1537246820,6260.510000000000,0.009855670000
1537246821,6260.500000000000,0.003090000000
1537246829,6260.500000000000,0.175000320000
1537246832,6260.510000000000,0.002306170000
1537246843,6260.500000000000,0.003090000000
1537246856,6260.510000000000,0.059315180000
1537246861,6260.500000000000,0.003090000000
1537246864,6260.500000000000,0.032106860000
1537246865,6260.510000000000,0.006357470000
1537246867,6260.510000000000,0.022925030000
1537246867,6260.500000000000,0.113064370000
1537246867,6260.500000000000,0.086235630000
1537246878,6260.500000000000,0.013764370000
1537246878,6260.500000000000,0.024108890000
1537246879,6260.510000000000,0.022900000000
1537246880,6260.500000000000,0.205000000000
1537246881,6260.510000000000,0.004682280000
1537246882,6260.510000000000,0.007511350000
1537246882,6260.500000000000,0.003090000000
1537246897,6260.510000000000,0.001432020000
1537246901,6260.510000000000,0.003973420000
1537246902,6260.500000000000,0.100000000000
1537246902,6260.500000000000,0.003090000000
1537246909,6260.510000000000,0.009537790000
1537246911,6260.510000000000,0.004378710000
1537246915,6260.510000000000,0.011921840000
1537246919,6260.510000000000,0.015418450000
1537246921,6260.500000000000,0.003090000000
1537246922,6260.510000000000,0.014213710000
1537246922,6260.510000000000,0.005564370000
1537246925,6260.510000000000,0.040221640000
1537246928,6260.500000000000,0.026800000000
1537246934,6260.510000000000,0.001432020000
1537246937,6260.500000000000,0.002501430000
1537246938,6260.500000000000,0.305073860000
1537246938,6260.500000000000,0.041600000000
1537246942,6260.500000000000,0.003090000000
1537246942,6260.510000000000,0.031312120000
1537246949,6260.500000000000,0.038908750000
1537246952,6260.510000000000,0.211414440000
1537246954,6260.510000000000,0.053700000000
1537246961,6260.500000000000,0.003090000000
1537246965,6260.510000000000,0.015283350000
1537246974,6260.510000000000,0.054810910000
1537246975,6260.500000000000,0.108400000000
1537246975,6260.510000000000,0.008452250000
1537246976,6260.510000000000,0.011287690000
1537246977,6260.510000000000,0.011921840000
1537246982,6260.510000000000,0.783016020000
1537246983,6260.500000000000,0.003090000000
1537246983,6260.510000000000,0.006835870000
1537246988,6260.510000000000,0.042900000000
1537246992,6260.510000000000,0.076419950000
1537247000,6260.510000000000,0.021800000000
